2908 4796
508 365 692 420 ANALEGTA
712 359 909 415 nonnulii.
1166 348 1241 417 731

161 538 257 596 manis
272 546 399 603 unquam
419 529 624 605 milegastus,
646 524 719 578 haee
739 520 796 575 duo
809 517 937 574 lacinora
955 512 1018 567 eine
1032 509 1120 566 dnbio
1133 509 1248 563 luerunt

166 619 400 696 praeclarissima
420 618 449 670 et
469 611 685 682 gloriosissima.
726 607 800 662 Dum
820 606 915 658 autem
936 598 989 654 has
1009 611 1055 651 ros
1075 606 1247 659 commemo·

86 690 89 697 ¹
163 713 208 766 rat
227 703 383 770 Horatius,
419 702 529 755 tantum
562 695 653 751 abluit
673 707 689 748 a
710 689 830 747 consilio
851 685 1001 756 Scipiones
1026 677 1183 746 laudandi,
1217 680 1248 731 nt

163 809 214 850 eos
241 806 277 846 ne
298 783 491 844 nominaverit
523 780 648 852 quidem.
702 777 748 833 An
776 774 835 831 veri
862 771 956 828 simile
982 771 1043 835 est,
1077 764 1248 834 scriptorem

163 880 267 944 virum,
289 887 374 944 quem
395 868 514 923 laudere
533 864 675 930 voluerit,
697 876 755 917 non
776 859 864 914 inisse
882 849 1120 912 nominatorum?
1157 846 1247 902 Nemo

164 963 219 1018 hoc
239 959 342 1016 credit.
383 954 460 1022 Ergo
479 950 622 1007 coniicere
643 960 812 1018 possumus,
842 943 959 1012 potitum
976 933 1248 1008 speciemtantnm-

164 1046 250 1103 modo
279 1041 437 1098 laudatoris
468 1036 633 1106 Scipionum
666 1046 736 1104 prae
755 1044 787 1086 se
807 1028 882 1084 terre
914 1027 945 1080 et
970 1021 1049 1078 alind
1078 1016 1191 1088 agendo
1211 1015 1248 1069 ad

165 1145 265 1188 eornm
280 1128 355 1182 lacta
369 1127 445 1180 tecte
459 1119 641 1191 respexisse,
662 1121 692 1173 nt
711 1115 848 1181 haberet,
869 1109 947 1182 qnod
960 1101 1148 1176 comparandi
1160 1113 1248 1159 causa

164 1217 200 1271 ad
222 1213 309 1270 alium
329 1208 502 1281 quempiam·
516 1205 624 1260 reterre
643 1204 750 1273 posset,
774 1213 857 1269 quem
878 1210 963 1253 versu
979 1188 1117 1248 carminis
1135 1185 1248 1242 decimo

162 1304 264 1356 octavo
283 1299 313 1352 in
333 1308 451 1351 scenam
471 1293 534 1346 erat
555 1288 755 1359 producturus.

241 1382 315 1454 Quis
335 1384 379 1436 est
398 1382 495 1435 autem
528 1390 619 1431 novus
639 1374 689 1429 ille
717 1371 786 1429 belli
805 1370 864 1425 dux
884 1367 939 1423 hoc
958 1379 1044 1421 versu
1075 1357 1249 1417 indicandus

165 1474 279 1526 etcum
301 1466 436 1537 Scipione
456 1459 672 1518 conterendus?
696 1486 724 1498 -
750 1453 827 1510 Care
845 1452 1002 1518 existimes,
1022 1448 1104 1502 illurn
1123 1455 1250 1513 uuquam
1332 1464 1334 1469 v

164 1554 292 1619 vixisse;
323 1554 368 1607 est
386 1548 481 1620 potius
509 1557 655 1616 persona,
678 1532 737 1596 non
757 1554 773 1594 a
792 1552 890 1594 rerum
909 1532 1047 1590 memoria
1066 1530 1176 1602 potita,
1197 1525 1248 1582 sed

164 1655 201 1695 ex
222 1639 285 1709 ipso
315 1637 418 1706 poetae
438 1629 556 1700 ingenio
577 1628 680 1682 hausta
707 1629 736 1681 et
755 1624 832 1678 tiota.
874 1618 969 1690 Quem
998 1617 1201 1687 imperatorem
1220 1613 1251 1681 ut

166 1726 264 1777 ruente
285 1719 450 1789 conciperet
469 1717 573 1786 poeta,
602 1726 704 1782 graves
724 1707 878 1764 admodum
900 1705 1015 1759 luerunt
1033 1714 1155 1767 causae,
1176 1710 1250 1767 quae

169 1820 236 1860 enm
256 1804 447 1873 impellerent.
489 1799 522 1855 ld
543 1798 620 1854 enim
640 1795 755 1865 agebat,
778 1795 818 1861 ut,
840 1790 877 1846 ad
897 1787 1070 1845 sententiam
1089 1798 1171 1841 suum
1191 1795 1252 1836 ma-

169 1890 213 1960 gis
232 1885 432 1959 probandam,
454 1883 631 1950 antithesin,
662 1894 747 1950 quum
767 1890 855 1946 snpra
873 1873 1116 1939 memoravimus,
1136 1868 1252 1945 uoueret

168 1979 200 2031 et
219 1973 409 2030 efficaciorem
433 1971 578 2026 redderet.
619 1964 702 2033 Quod
723 1961 866 2034 quomodo
886 1958 989 2015 molins
1001 1957 1164 2025 certiusque
1183 1966 1251 2008 con-

168 2059 249 2130 sequi
270 2057 381 2128 potuit,
403 2071 489 2127 quam
508 2050 724 2124 comparatione
743 2047 841 2116 aliqua
863 2044 905 2099 rei
925 2039 1163 2098 accommodata?
1194 2036 1252 2093 lta-

169 2160 224 2215 que
245 2143 329 2199 flnrit
348 2143 417 2198 belli
438 2141 540 2196 ducem
561 2136 727 2207 Scipionum
756 2132 832 2188 haud
853 2128 1042 2194 dissimilem3
1072 2136 1254 2192 numaeque

167 2233 252 2299 atque
271 2227 314 2282 illi
329 2227 456 2281 secundo
468 2224 562 2281 lilarte
576 2225 675 2277 contra
689 2219 842 2275 Airicanos
855 2212 993 2286 pugnarit
1011 2215 1041 2267 ct
1059 2211 1127 2266 inde
1145 2222 1251 2264 nomen

167 2311 359 2368 honorificum
385 2308 558 2379 reportavit3
589 2311 640 2363 sed
669 2302 800 2375 quamvis
819 2314 867 2355 res
893 2297 1034 2369 gesserit,
1061 2296 1118 2363 iis,
1149 2292 1252 2364 quites

167 2394 317 2451 Hannibal
338 2394 451 2460 lagatus
470 2396 499 2448 et
518 2390 662 2461 Carthago
691 2390 788 2444 deleta
809 2389 873 2452 est,
903 2400 960 2440 non
980 2382 1127 2449 minores,
1155 2386 1252 2435 tamen

172 2479 293 2549 gloriam
314 2477 395 2533 tactis
414 2477 473 2532 suis
493 2478 609 2545 dignam
630 2474 745 2545 assequi
765 2487 823 2528 non
843 2471 951 2542 putuit,
985 2469 1052 2539 qnia
1072 2481 1155 2524 sacro
1174 2467 1251 2533 vate,

170 2563 289 2618 laudum
302 2576 419 2617 suarum
438 2576 592 2632 praecone,
614 2561 715 2616 camit.
744 2558 816 2613 num
836 2557 921 2627 igitur
935 2555 1031 2610 lictum
1044 2553 1122 2608 hunc
1134 2551 1253 2607 heroiim

169 2663 234 2703 cum
254 2662 323 2702 vero
343 2646 477 2716 Scipione
503 2649 670 2716 comparat,
701 2642 832 2711 exemplo
851 2640 913 2694 eius
943 2638 1049 2693 clarius
1077 2636 1251 2705 certiusque,

170 2746 257 2803 quam
277 2732 337 2785 nilo
357 2730 415 2784 alio
434 2732 519 2785 modo
539 2730 601 2785 lieri
622 2731 733 2800 possit,
754 2727 899 2795 ostendit,
919 2725 992 2780 nihil
1011 2726 1078 2795 plus
1097 2724 1195 2779 valere
1215 2723 1252 2777 nd

169 2816 301 2869 homiues
320 2813 528 2869 immortalitati
555 2811 732 2876 tradendos,
766 2826 852 2881 quam
878 2809 1017 2866 carmina.
1058 2807 1131 2863 Nam
1150 2808 1175 2862 si
1193 2808 1254 2862 dux

171 2900 272 2968 lictus,
293 2897 424 2969 quamvis
443 2911 492 2951 res
512 2895 634 2965 gesserit
653 2911 717 2951 cum
737 2895 772 2950 iis
792 2896 976 2966 aequandas,
1002 2908 1076 2964 quae
1095 2892 1180 2948 bellis
1200 2890 1255 2946 Pn-

172 2984 245 3039 uieis
259 2986 355 3053 gestae
365 2984 573 3047 memorantur,
595 2983 691 3034 tamen
711 2980 827 3036 landem
847 2981 930 3036 tactis
949 2979 1009 3035 suis
1029 2978 1155 3035 debitam
1175 2991 1255 3032 asse-

172 3070 220 3140 qui
240 3084 297 3123 non
317 3068 428 3138 potnit,
450 3066 517 3136 qnia
538 3066 641 3135 potatae
660 3065 912 3121 commendatione
932 3065 1043 3134 caruit,
1065 3066 1129 3119 lnce
1149 3063 1255 3118 clarius

171 3156 309 3224 apparet,
331 3152 460 3208 carmina
480 3151 535 3205 hac
554 3150 666 3205 ratione
688 3151 792 3206 summi
812 3165 877 3206 esse
892 3151 1041 3220 momenti,
1063 3154 1148 3220 atque
1167 3148 1255 3203 etiam

170 3239 265 3309 ipsum
287 3237 451 3307 Scipionem
484 3235 604 3306 gloriam
625 3250 707 3291 suam
727 3236 821 3291 minus
847 3226 1062 3307 sibimetipsi,
1087 3248 1172 3306 quam
1193 3247 1256 3288 oar-

171 3324 296 3379 minibus
320 3321 408 3377 Ennii
434 3322 550 3377 dobere.
599 3319 670 3377 Cum
692 3324 787 3376 autem
816 3323 874 3376 totu
902 3320 1111 3390 argumentatio
1140 3333 1256 3389 compa-

171 3408 283 3463 ratione
304 3408 428 3474 nitatur,
462 3406 647 3461 manifestum
667 3408 731 3473 est,
762 3405 848 3460 etium
869 3403 1009 3461 Calabras
1035 3405 1163 3460 Pierides
1196 3420 1256 3460 non

172 3493 227 3548 uisi
248 3494 414 3561 comparate
434 3491 526 3545 dictas
546 3493 575 3545 et
602 3506 655 3560 pro
675 3488 733 3544 aiio
752 3490 887 3560 quopiam
915 3492 1000 3560 potita
1020 3505 1084 3546 osso
1111 3489 1256 3559 accipien-

172 3577 236 3632 das.
276 3573 349 3628 Nam
368 3578 400 3629 ut
418 3575 642 3645 comparationis
670 3578 767 3644 partes
788 3575 913 3629 interae
945 3578 1138 3644 congruerent
1157 3588 1257 3630 nume-

173 3662 270 3731 risque
291 3658 425 3713 0mnibns
444 3663 542 3716 essent
555 3660 715 3728 absolutae,
737 3662 853 3728 poetam
873 3672 986 3729 quoque
999 3659 1087 3715 Ennii
1099 3673 1255 3730 personam

173 3745 293 3800 induere
307 3744 467 3812 oportebat.
483 3775 496 3785 -
508 3776 521 3786 -
533 3743 604 3799 -Ne
624 3745 716 3799 lector
735 3759 767 3799 se
786 3744 935 3800 sollicitari
948 3748 1106 3815 pateretur,
1128 3745 1164 3800 ad
1180 3745 1256 3799 hane

174 3829 395 3900 permixtionem
415 3829 577 3885 taciendam
597 3833 627 3885 et
645 3830 847 3900 imperatorem
880 3829 978 3885 lictum
1007 3845 1073 3885 cum
1097 3844 1166 3885 voro
1195 3828 1256 3884 Sci-

174 3914 260 3985 pione
279 3913 389 3970 maiore
408 3916 648 3984 permutandum,
670 3914 793 3985 primum
814 3913 973 3984 parietinas
993 3913 1177 3982 Carthaginis
1196 3915 1256 3968 cul-

85 3991 89 3996 ’
174 3999 273 4069 lapsae
293 3998 484 4068 interposuit,
519 3999 624 4054 deinde
644 4003 742 4071 spreta
761 3999 834 4055 alias
859 3999 951 4054 torma
978 3998 1169 4070 prenominati
1200 4001 1258 4053 eius

176 4098 243 4138 usus
263 4087 327 4150 est,
349 4099 422 4153 qnae
442 4083 499 4139 iarn
520 4088 657 4141 accentus
667 4085 807 4154 gravitate
827 4085 985 4152 iudicaret,
1007 4084 1042 4139 ad
1058 4084 1255 4153 aliumquem·

174 4169 251 4237 piam
271 4173 357 4239 atque
378 4169 414 4224 ad
436 4169 599 4239 Scipionem
625 4171 784 4226 orationem
813 4173 954 4244 spectare.
1003 4169 1047 4225 Ex
1067 4183 1102 4224 ea
1122 4185 1153 4224 re
1173 4170 1258 4224 etiam
