2936 4804
208 335 288 405 626
594 338 742 389 nonani
762 338 904 395 ananan

213 496 270 562 (eir.
291 499 324 547 ad
344 497 396 548 Od.
417 500 449 555 1,
471 496 531 564 37.)
555 497 698 559 displicere
726 497 851 547 debuisse
870 498 988 560 Augusto
1006 506 1033 549 et
1050 498 1218 558 Maecenati,
1246 512 1303 550 non

213 584 253 628 est
272 576 390 639 proiecto
410 590 457 626 cur
476 577 655 637 praeferamus
672 589 796 637 expresso
816 580 910 636 poetae
924 580 1092 627 testimonias
1112 591 1162 628 nec
1180 584 1234 628 tam
1253 593 1304 630 an·

212 661 280 722 quati
300 670 331 707 ae
349 658 438 718 pusiiii
457 660 537 706 animi
557 656 607 706 init
623 655 774 716 Augustus,
806 659 853 718 qui
874 659 990 706 earmina
1009 656 1129 707 Bibaculi
1155 664 1182 709 et
1201 656 1303 707 Catuiii

211 736 309 787 reieria
328 738 495 787 contumeliis
514 736 656 797 Caesarum
675 735 813 796 sapienter
831 734 961 786 tolerabat
979 732 1073 798 (Tacit.
1088 737 1161 786 Anu.
1178 736 1210 794 b,
1231 733 1301 799 db),

212 823 242 866 ut
269 823 378 878 propter
407 819 456 866 iria
484 816 609 869 liberiora
634 818 750 867 sarmata
776 819 860 865 tatum
892 816 963 865 bunc
989 817 1103 876 iibrum,
1133 822 1173 866 sat
1203 816 1303 866 multas

213 897 298 956 ipsius
317 896 409 946 laudea
428 899 623 955 continentem,
643 894 756 945 celatum
775 899 905 954 caperet,
932 909 992 945 cum
1010 896 1037 945 id
1057 896 1114 946 iieri
1126 898 1233 944 omnino
1254 908 1304 945 ne·

212 978 315 1036 quiret3
345 977 500 1039 quicunque
528 978 597 1024 enim
627 973 748 1032 roiebai,
780 976 897 1035 exernpia
922 975 1034 1036 Epodon
1053 990 1066 1026 a
1087 980 1164 1036 poeta
1184 979 1243 1035 ipsa
1263 980 1304 1025 at-

162 1066 165 1072 ’
221 1067 264 1103 iua
285 1059 322 1103 tot
341 1057 397 1105 eius
416 1057 508 1104 amicis
532 1066 624 1116 parare
648 1053 700 1105 sibi
717 1053 786 1103 iaciii
805 1067 886 1119 opera
905 1059 1017 1116 poterat.
1201 1050 1203 1054 “

579 1348 859 1436 CARMEN
893 1362 938 1438 1.

336 1558 406 1621 ibis
429 1558 585 1622 Liburnis
609 1559 696 1619 iuter
717 1560 786 1621 aliu
810 1563 959 1637 navium,

328 1708 330 1713 .
383 1680 517 1763 Amice,
541 1668 813 1768 propugnacuia,

267 1837 370 1887 arou.
386 1838 409 1885 1.
433 1838 517 1888 inser.
537 1837 605 1901 roig.
618 1836 662 1889 Ad
674 1839 857 1891 Maecenatem
869 1843 946 1891 etsie
955 1840 1010 1891 ΒΤ.
1023 1867 1056 1877 -
1075 1843 1136 1893 iim.
1160 1857 1253 1896 amnes
1264 1849 1304 1899 in·

214 1910 371 1971 scriptiones
393 1906 440 1966 S.„
461 1911 525 1958 item
544 1909 576 1961 b,
597 1914 707 1977 excepto
726 1910 819 1972 Epodo
837 1911 882 1959 17.

248 2053 269 2102 1.
309 2053 453 2104 Senecam
476 2055 525 2103 hoe
542 2066 647 2105 carmen
668 2068 739 2105 eam·
777 2070 839 2106 vero
863 2059 942 2107 etiam
967 2064 1102 2111 senatores
1120 2068 1147 2113 et
1171 2066 1305 2123 equestris

178 2178 181 2185 .
214 2136 313 2195 posuit,
334 2137 507 2183 constitutum
528 2139 593 2192 crat,
614 2140 644 2184 ut
665 2135 739 2186 Mae·
779 2137 912 2200 dignitatis
925 2126 994 2190 ri'ros
1011 2141 1181 2207 Brundisium
1196 2156 1305 2194 evocas·

215 2226 293 2263 cenes
308 2213 480 2263 Octavianum
492 2217 518 2262 in
536 2213 633 2263 boiium
647 2215 738 2265 adver·
779 2223 828 2276 set,
851 2215 920 2280 τοὺς
931 2222 1005 2284 μέν,
1027 2214 1105 2282 ὅπως
1123 2236 1149 2270 ra
1167 2220 1305 2293 συμπρά·

214 2306 257 2341 sus
267 2292 305 2342 M.
315 2293 461 2341 Antonium
475 2294 655 2353 comitaretur,
668 2294 738 2354 quad
777 2294 865 2361 ξωσιν
876 2290 975 2366 αὐτῷ,
995 2297 1063 2360 τούς
1076 2297 1100 2346 d’
1117 2293 1197 2362 ὅπως
1208 2300 1304 2366 μηδὲν

213 2376 302 2421 tamen
327 2373 466 2421 consilium
492 2377 583 2434 postea
610 2378 739 2422 mutatum
776 2375 960 2442 μοινωῖιὲνιες
980 2374 1192 2442 νεοχμώσωσι,
1216 2377 1253 2430 τό
1273 2396 1303 2432 τε

215 2463 272 2502 esse
290 2451 529 2514 Maecenatemque
549 2440 740 2503 Ramae'man·
775 2455 935 2520 μέγιστον,
954 2451 1034 2519 ὅπως
1055 2453 1219 2523 ἐνδείξηται
1241 2463 1304 2523 τοῖς

215 2532 299 2590 sisse,
331 2537 360 2581 ut
385 2531 493 2581 urbanis
521 2535 637 2599 negotiis
665 2544 740 2592 prae·
777 2527 955 2606 αἰᾒρώιιοις,
976 2529 1025 2585 ὅτι
1044 2535 1094 2584 καὶ
1111 2520 1143 2584 ’τὸ
1164 2535 1303 2586 πλεῖστον

217 2614 287 2659 esset
307 2623 337 2659 ac
355 2611 499 2661 seditiones
523 2611 633 2662 tortasse
656 2615 740 2662 ariiu-
777 2614 825 2662 καὶ
848 2609 881 2662 τὸ
897 2604 1056 2685 spatiarer
1074 2612 1133 2664 τῶν
1147 2607 1303 2678 Ῥωμαίων

217 2701 258 2737 ras
272 2695 375 2740 mature
389 2693 561 2751 opprimeret,
578 2700 619 2741 sai
637 2693 739 2744 idoneis
777 2684 1040 2757 &poyeupoaodv's'
1041 2708 1090 2754 χοι
1103 2688 1163 2756 (Dio
1174 2694 1219 2753 50,
1235 2691 1301 2756 ii),

215 2770 376 2831 argumentis
391 2769 580 2821 demonstravit
598 2772 739 2823 Massanus
779 2767 1302 2835 ercammaecemsiperoiiquodternpus)

215 2850 242 2896 iu
259 2848 318 2897 Vita
339 2848 401 2897 Hor.
425 2863 483 2912 pag.
506 2851 566 2900 113.
596 2848 738 2914 (Tempore
779 2864 810 2901 ea
820 2865 848 2901 se
859 2851 999 2901 contulisse
1012 2851 1127 2902 videtur.
1144 2848 1301 2915 iananun.)

215 2926 277 2977 beili
287 2927 390 2978 Actiaci
403 2929 504 2982 Rornae
518 2937 544 2981 et
561 2931 653 2982 ltaliae
665 2945 755 3003 prae·l
778 2927 812 2994 (a.
838 2947 865 2981 u.
890 2944 912 2983 a.
934 2929 1015 2989 723.,
1040 2944 1092 2993 quo
1118 2945 1189 2983 anuo
1213 2945 1302 2995 pugna

217 3007 302 3060 iectus
327 3008 442 3058 absentis
469 3011 591 3072 partibas
618 3012 740 3061 caesoris
776 3012 885 3062 Actiaca
894 3016 1008 3074 pugnata
1019 3014 1061 3060 est
1073 3010 1118 3058 iv.
1130 3010 1199 3061 Non.
1215 3008 1302 3076 sept.)

216 3087 323 3136 iunctus
337 3093 385 3145 est,
400 3095 430 3138 ut
445 3092 482 3139 aii
497 3089 600 3158 Seneca
610 3091 660 3152 Ep.
676 3089 737 3147 111,
776 3106 798 3142 v.
810 3092 869 3142 Kai.
882 3092 962 3141 Amit.
977 3091 1043 3139 lnsr.
1053 3103 1088 3138 m·
1100 3091 1132 3140 L.
1142 3092 1179 3140 11.
1189 3105 1216 3152 p.
1228 3087 1302 3155 398.)

160 3183 165 3196 ,
215 3166 242 3215 a.
263 3174 290 3217 u
310 3159 428 3226 orosi,
454 3167 488 3216 a:
518 3158 740 3236 aurearoma
813 3171 909 3220 1-a.
938 3167 1011 3231 roso]
1042 3171 1109 3220 roco
1136 3166 1302 3234 propositio,

215 3245 266 3295 καὶ
292 3239 359 3296 τότε
380 3239 512 3312 ἡῬώμη
538 3248 586 3296 καὶ
610 3240 628 3312 ἦ
651 3242 738 3311 λοιπὴ
775 3238 1302 3318 (1111111.Ρινιιηιιι-ἶριιιοιιι]

214 3318 320 3374 Ἰταλία
342 3327 569 3392 προσετέτακτο.
601 3325 679 3376 Nulla
700 3331 742 3376 est
778 3346 831 3382 non
863 3336 902 3380 est
924 3332 1112 3392 interrogatio,
1135 3333 1186 3389 (ui
1212 3336 1303 3382 estin

216 3409 304 3452 autern
328 3405 473 3453 auctoritas
497 3406 590 3454 incerti
611 3405 741 3454 etadmc·
778 3411 847 3460 Edd.
880 3405 1046 3472 nonnuliisz)
1078 3408 1125 3459 sod
1148 3409 1302 3471 affirmatio.

216 3481 279 3532 dum
300 3483 362 3533 maii
386 3485 521 3543 scriptoris
547 3484 622 3548 Eieg‘.
646 3486 675 3533 in
695 3483 738 3532 ob.
779 3481 915 3531 «Caesaris
930 3480 1040 3530 navibus
1055 3478 1181 3544 Liburnis
1199 3477 1301 3543 (01.1,

214 3559 337 3625 blaecca.
363 3561 416 3611 lid:
444 3561 507 3611 Cam
527 3564 598 3631 facia
622 3562 741 3613 Niliacae
778 3560 823 3620 37,
837 3555 908 3621 uti),
929 3572 997 3621 quae
1011 3557 1164 3608 celerrimae
1180 3562 1302 3621 quidem,

215 3644 341 3688 iecerunt
358 3641 553 3702 leiceastriae,
577 3641 665 3690 Fortis
683 3654 741 3690 cros
778 3640 824 3690 sed
851 3638 999 3688 triremibus
1031 3638 1114 3695 mulio
1145 3640 1303 3692 humiliares

215 3719 324 3779 circam,
340 3717 419 3780 fortis
436 3725 460 3768 et
473 3724 534 3769 aute
547 3721 647 3787 docem.
667 3720 741 3771 Mae·
778 3725 855 3778 suni,
876 3717 925 3767 ibis
938 3721 1006 3768 iuter
1018 3720 1137 3782 ingentes
1155 3721 1212 3770 iiias
1227 3723 1303 3771 trire-

215 3804 336 3849 ceuatem
349 3797 473 3848 Liburnis
490 3798 637 3860 praefuisse
651 3805 676 3848 et
687 3800 741 3849 Ho-
778 3813 833 3849 mes
848 3797 969 3857 Antonii,
990 3811 1049 3847 curu
1070 3799 1121 3849 bac
1136 3799 1304 3863 depugnatu-

215 3879 311 3925 ratium
324 3876 367 3925 iiic
385 3883 479 3940 agente
490 3877 523 3928 ab
535 3877 679 3929 Octaviano
694 3878 739 3927 ob·
778 3892 850 3945 rusa
876 3877 1010 3939 (Imperiis
1024 3880 1232 3945 nuper‘quidam
1245 3881 1305 3930 alta

215 3956 327 4005 tinuisse
354 3956 464 4007 miiitiae
487 3961 651 4011 vacationem
675 3960 740 4008 item
776 3984 788 3994 ·
800 3983 810 3992 -
820 3956 1027 4020 prapaqaacoia
1038 3957 1070 4007 de
1085 3956 1204 4017 Caesaris
1218 3959 1303 4012 classa

215 4029 423 4083 Scholiastarum
444 4036 507 4086 suni
532 4050 604 4087 mara
624 4040 737 4087 somnia.
777 4049 867 4086 rursus
893 4049 954 4086 cum
978 4038 1176 4099 antiquioribus
1199 4039 1304 4104 aliquot

213 4104 312 4177 (odoro
332 4111 428 4179 Caesar
447 4121 474 4167 et
488 4115 584 4165 milites
601 4129 692 4179 omnes
713 4123 739 4168 at
776 4115 966 4183 interpretibus
977 4114 1121 4181 exposuit.)
1138 4143 1169 4153 -
1189 4118 1303 4172 Actiaco
