2936 4804
225 351 306 424 612
692 357 841 410 nomn

224 532 283 569 ται.
301 515 481 581 Κομίζονται
498 511 530 566 δδ
552 516 583 565 οί
602 515 698 568 ταῦτα
719 517 874 581 ποιοῦντες
897 513 1010 585 μισθὸν
1024 512 1078 584 τὰς
1097 515 1234 594 ἀπαρχάς
1251 521 1307 584 τῶν

223 592 362 667 καρπόν,
382 594 467 645 σίτου
488 595 538 644 καί
562 594 668 664 κριθῆς
688 598 740 648 καί
762 593 900 662 κυάμων·
926 589 1017 648 αύται
1033 596 1116 670 γάρ,
1135 596 1174 665 ὦς
1195 600 1309 674 εἴρηταί

169 684 174 704 ’
223 688 294 742 μοι,
316 671 426 740 καὶτῷ
448 669 533 740 δήμῳ
548 675 635 724 παντί
655 672 857 742 διανέμονται.
888 676 930 747 Τῇ
942 674 973 728 δέ
985 677 1062 742 μετά
1082 675 1195 746 ταύτην
1210 673 1308 754 ἡμέρᾳ

223 755 266 817 είς
280 749 315 805 τδ
334 746 523 803 Καπετώλιον
541 747 707 817 ἀναβάντες
723 750 879 807 κάνταῦθα
898 752 950 818 τάς
967 754 1185 823 νενομισμένας
1201 759 1309 827 θυσίας

223 828 482 905 προσαγαγόντες,
501 829 640 883 ἐντεῦθέν
658 848 689 884 τε
708 832 755 885 ε’πί
772 832 807 886 τὸ
824 831 1104 900 κατεσκευασμένον
1115 833 1245 911 θέατρον
1266 840 1308 891 ἐλ-

222 908 328 974 θόντες
349 907 402 974 τάς
422 910 547 981 θεωρίας
564 908 749 963 ἐπιτελοῦσιν
772 908 934 964 Ἀπόλλωνι
955 914 1006 964 καί
1026 909 1185 985 Ἀρτέμιδι.
1214 919 1255 990 Ῥῄ
1277 917 1313 972 δέ

222 988 298 1056 μετὰ
316 985 428 1054 ταύτην
438 984 538 1060 ἡμέρα
554 995 690 1055 γυναῖκες
708 989 850 1057 ἐπίσημοι
871 988 947 1043 κατά
964 989 1019 1060 τήν
1035 989 1125 1066 ὥραν,
1140 991 1179 1062 ήν
1203 990 1220 1049 ὁ
1239 1014 1308 1069 χρη·

221 1066 301 1136 σμὸς
322 1061 542 1139 ὑπηγόρευσεν,
567 1068 609 1132 εἰς
626 1066 660 1119 τὸ
682 1067 872 1122 Καπετώλιον
895 1069 1094 1123 συνελθοῦσαι
1118 1069 1308 1127 λιτανεύουσι

222 1145 277 1200 τδν
288 1144 360 1200 θεδν
372 1149 422 1199 καί
442 1140 591 1211 ὑμνοῦσιν
609 1144 649 1211 ὤς
670 1145 766 1214 θέμις.
792 1143 956 1221 Ἡμέρφδέ
977 1150 1060 1221 τρίτῃ
1073 1148 1105 1201 ’ἐν
1118 1153 1162 1219 ,τῷ
1175 1150 1252 1205 κατὰ
1271 1151 1306 1206 τδ

221 1223 372 1279 Παλάτιον
389 1221 574 1289 ’Λπόλλωνος
587 1224 655 1296 ίερῷ
667 1229 729 1297 τρίς
748 1223 836 1279 ε’ννέα
854 1225 953 1290 παῖδες
973 1226 1125 1293 ἐπιφανείς
1144 1227 1219 1296 μετὰ
1238 1245 1308 1305 παρ-

220 1303 317 1358 θένων
331 1302 495 1365 τοσούτων,
518 1305 549 1356 οἳ
561 1302 666 1370 πάντες
689 1301 888 1372 οἱμφιθαλεϊς,
908 1301 981 1379 ὅπερ
993 1305 1091 1368 ἐστίν,
1114 1303 1308 1380 ἀμφοτέρους

222 1385 294 1450 τούς
319 1391 417 1454 γονεῖς
441 1378 563 1448 ἔχοντες
586 1382 759 1456 περιόντας,
790 1381 904 1450 ύμνους
924 1378 1034 1454 ᾅδουσι
1054 1384 1091 1457 τῃ
1108 1402 1139 1438 τε
1162 1382 1308 1457 Ἑλλήνων

221 1467 274 1519 καί
290 1460 444 1529 Ῥωμαίων
464 1463 551 1594 φωνῃ
576 1466 629 1516 καὶ
645 1464 788 1528 παιᾶνας,
815 1463 851 1515 δι’
876 1455 918 1514 ὧν
942 1465 976 1514 αί
998 1461 1057 1516 ύπδ
1073 1458 1231 1531 Ῥωμαίοις
1251 1466 1308 1520 σά·

221 1548 321 1610 ζονται
340 1539 455 1607 πόλεις·
486 1537 524 1594 άλ
543 1559 563 1593 α
583 1557 614 1595 τε
639 1541 715 1594 κατὰ
737 1541 791 1595 τδν
819 1537 1020 1609 ὑφηγημένον
1044 1541 1124 1616 παρὰ
1147 1545 1203 1598 τοῦ
1223 1545 1307 1600 θείου

219 1621 332 1695 τρόπον
352 1619 528 1694 ἐπράττετο,
550 1614 592 1674 όν
612 1616 847 1689 ἐπιτελουμένων
863 1616 1009 1685 διέμεινεν
1027 1616 1046 1688 ή
1065 1620 1142 1694 α’ρχή
1153 1617 1307 1690 Ῥωμαίων

219 1697 385 1766 άλιόβητος.

287 1774 385 1844 Ὡςάν
396 1779 428 1832 δέ
446 1781 498 1831 καί
517 1779 639 1835 ἐπὶτῶν
657 1777 836 1852 πραγμάτων
857 1775 957 1847 ἀληθῆ
977 1777 1074 1832 ταῦτα
1094 1776 1172 1833 εἶναι
1189 1779 1308 1836 πιστεύ-

220 1875 336 1926 σωμεν,
367 1855 461 1912 αὐτὸν
490 1857 707 1931 παραθήσομαι
727 1857 781 1912 τὸν
800 1855 947 1926 Σιβύλλης
969 1856 1127 1931 χρησμόν,
1160 1855 1217 1929 ἤδη
1247 1860 1306 1935 πρὸ

221 1931 306 2006 ἡμῶν
324 1938 391 2009 παρ’
408 1934 518 2010 έτέρων
538 1934 751 2005 άνενηγμένον.

359 2012 433 2069 Ἀλλ’
450 2011 566 2069 ὁπόταν
582 2015 729 2084 μήκιστος
748 2013 797 2090 ίκῃ
816 2014 927 2089 χρόνος
945 2012 1132 2089 άνθριόποισι

321 2095 418 2163 Ζωῆς,
442 2099 484 2159 είς
501 2093 592 2148 ε’τέων
610 2093 719 2151 ε’κατόν
740 2093 814 2148 δέκα
835 2093 945 2147 κύκλον
963 2091 1092 2158 ὁδεύων,

322 2175 468 2244 Μέμνησ’,
489 2168 513 2227 ὦ
532 2172 674 2241 Ῥωμαῖε,
697 2177 748 2227 καί
767 2169 806 2228 ού
826 2172 909 2247 μάλα
927 2173 1033 2241 λήσεαι
1049 2172 1151 2228 αὐτῶν

322 2256 503 2323 Μεμνήσθαι
521 2250 590 2308 τάδε
609 2253 715 2308 πάντα.
752 2254 856 2306 Θεοϊσι
874 2254 930 2318 μὲν
950 2248 1130 2306 ἀθανάτοισι

318 2330 428 2401 Ῥέζειν
447 2335 479 2387 ἐν
491 2333 585 2404 Πεδίῳ
604 2333 685 2407 παρὰ
700 2331 870 2405 Θύμβριδος
885 2326 1012 2385 ἄπλετον
1032 2329 1128 2405 ύδωρ,
1288 2339 1306 2388 5

319 2409 412 2487 Ὀππῃ
432 2411 641 2474 στεινότατον,
663 2409 728 2477 Νύξ
750 2408 840 2480 ἡνίκα
862 2417 950 2478 γαῖαν
972 2408 1100 2484 ἐπέλθῃ,

322 2489 434 2544 Ἠελίου
450 2489 628 2562 κρύψαντας
645 2491 698 2544 ἑδν
718 2488 808 2556 φάος·
831 2484 906 2541 ἔνθα
922 2488 960 2541 σύ
981 2485 1076 2562 ῥέζειν

317 2567 392 2643 Ἱερά
414 2569 611 2639 ποντογόνοις
630 2573 759 2641 Μοίραις
774 2564 866 2641 άρνας
881 2584 913 2620 τε
931 2571 983 2620 καί
1001 2565 1097 2635 αίγας.

229 2668 236 2675 -
322 2647 460 2714 Κυανέας
480 2648 503 2699 δ’
525 2649 571 2702 ε’πί
590 2650 682 2702 ταῖσδ’
700 2648 867 2711 Εἰλειθυίας
886 2641 1058 2719 ἀρέσασθαι

320 2725 526 2793 Παιδοτόκους
549 2726 709 2786 θυέεσσιν,
730 2723 790 2794 ὅπη
810 2724 906 2792 θέμις.
943 2721 1020 2780 Αύθι
1040 2727 1071 2780 δέ
1088 2728 1163 2801 Γαίῃ
1270 2730 1306 2779 10

319 2805 501 2881 Πληθομένῃ
519 2805 623 2880 χοῖρός
642 2823 675 2860 τε
693 2809 743 2859 καί
762 2782 797 2871 δς
817 2807 927 2878 ίεροῐτο
946 2804 1084 2872 μέλαινα-

319 2881 464 2938 Ζάλευκοι
483 2889 592 2955 ταῦροι
612 2886 643 2938 δέ
664 2884 735 2950 Διὸς
750 2881 831 2957 παρὰ
852 2882 957 2949 βωμὸν
977 2881 1117 2953 οἱγέσθων

313 2956 436 3028 Ἥματι,
455 2964 523 3031 μηδ’
542 2966 590 3018 ε’πλ
613 2967 711 3016 νυκτί·
734 2965 831 3017 θεοῖσι
848 2961 906 3032 γὰρ
920 2958 1092 3033 ούρανίοισι

317 3034 456 3114 Ἢμέριος
473 3039 593 3094 πέλεται
608 3041 705 3095 θυέων
723 3039 849 3115 τρόπος
875 3038 916 3106 (ές
936 3042 966 3094 δὲ
986 3045 1037 3095 καλ
1052 3039 1159 3108 αύτως,

316 3114 451 3190 Ἱρεύειν·
471 3118 606 3189 δαμάλης
620 3120 652 3174 δὲ
673 3121 751 3189 βοός
763 3119 858 3188 δέμας
878 3116 993 3188 α’γλαὸν
1008 3119 1097 3193 Ἤρης
1127 3151 1130 3156 ·
1267 3125 1303 3175 15

316 3196 458 3262 Δεξάσθω
474 3201 547 3268 νηὸς
567 3199 646 3272 παρὰ
669 3204 733 3253 σεύ.
758 3202 828 3253 ’Καί
845 3201 954 3264 Φοῖβος
973 3196 1141 3260 Ἀπόλλων,

315 3272 396 3328 Ὀστε
418 3280 468 3329 καί
488 3275 600 3342 Ἠέλιος
614 3277 822 3345 κικλήσκεται,
845 3276 897 3330 ίσα
913 3275 1042 3342 δεδέχθαι

318 3353 446 3422 Θύματα
465 3356 625 3425 Λητοΐδης·
644 3363 695 3410 καί
713 3355 884 3424 άειδόμενοί
904 3373 935 3409 τε
949 3358 1073 3411 Λατῖνοι

317 3433 447 3499 Παιᾶνες
466 3434 589 3509 κούροις
609 3433 738 3509 κούρῃσί
758 3452 789 3489 τε
806 3434 881 3504 νηὸν
901 3432 1000 3498 έχοιεν

316 3508 503 3566 Ἀθανάτων·
525 3518 614 3588 χωρίς
637 3515 668 3568 δὲ
688 3512 777 3588 κόραι
798 3514 893 3588 χορὸν
912 3509 1002 3566 αύταδ
1020 3510 1120 3578 ἔχοιεν
1262 3520 1299 3570 θθ

318 3591 376 3644 Καὶ
391 3597 482 3665 χωρίς
503 3595 614 3646 παίδων
632 3589 730 3666 άρσην
750 3594 878 3657 στάχυς,
897 3589 972 3645 ἀλλὰ
995 3592 1115 3662 γονήων

322 3671 446 3727 Πάντων
468 3671 621 3739 ζωόντων,
648 3669 694 3738 οἷς
712 3669 887 3740 ἀμφιθαλὴς
903 3669 949 3726 έτι
971 3671 1080 3740 φύτλη.

317 3753 355 3808 At
374 3753 405 3805 δέ
423 3749 523 3820 γάμου
542 3749 692 3820 ζεύγλαισι
712 3749 891 3820 δεδμημέναι
911 3748 1006 3819 ήματι
1023 3755 1111 3823 κείνφ

314 3828 392 3896 Γνδξ
406 3827 494 3904 Ἥρης
512 3829 593 3903 παρὰ
613 3827 720 3896 βωμὸν
737 3825 877 3898 αόίδιμον
894 3829 1053 3903 έδριόωσαι

314 3910 450 3976 Δαίμονα
468 3909 684 3961 λισσέσθωσαν.
718 3904 827 3961 Ἅπασι
842 3908 873 3962 δέ
890 3908 1008 3977 λύματα
1028 3910 1134 3965 δούναι
1262 3917 1296 3967 θέ

315 3984 471 4059 Ἀνδράσιν
490 3983 542 4055 ήδί
559 3983 692 4056 γυναιξί,
713 3985 844 4054 μάλιστα
861 3988 892 4041 δέ
909 3989 1098 4064 θηλυτέρῃσε
1123 4026 1125 4029 v

316 4063 429 4129 Πάντες
446 4066 469 4116 δ’
489 4062 521 4130 ἐξ
541 4064 640 4118 οἴκοιο
660 4066 833 4136 φερέσθων,
857 4064 937 4121 ὅσσα
956 4071 1087 4136 κομίζειν

315 4140 394 4222 Ἐστι
412 4143 498 4209 θέμις
516 4143 672 4212 θνητοῖσιν
691 4141 914 4218 άπαρχομένοις
934 4144 1068 4214 βιότοιο,
1163 4171 1169 4176 ·
