<?xml version="1.0" encoding="UTF-8"?>
<!DOCTYPE html PUBLIC "-//W3C//DTD XHTML 1.0 Transitional//EN"
    "http://www.w3.org/TR/xhtml1/DTD/xhtml1-transitional.dtd">
<html xmlns="http://www.w3.org/1999/xhtml" xml:lang="en" lang="en">
 <head>
  <title>
</title>
<meta http-equiv="Content-Type" content="text/html;charset=utf-8" />
  <meta name='ocr-system' content='tesseract 3.04.00' />
  <meta name='ocr-capabilities' content='ocr_page ocr_carea ocr_par ocr_line ocrx_word'/>
</head>
<body>
  <div class='ocr_page' id='page_1' title='image "./qhoratiusflaccu02orelgoog_0275.png"; bbox 0 0 2930 4810; ppageno 0'>
   <div class='ocr_carea' id='block_1_1' title="bbox 203 312 920 385">
    <p class='ocr_par' dir='ltr' id='par_1_1' title="bbox 203 312 920 385">
     <span class='ocr_line' id='line_1_1' title="bbox 203 312 920 385; baseline 0.014 -31"><span class='ocrx_word' id='word_1_1' title='bbox 203 312 284 385; x_wconf 62' lang='lat'>256</span> <span class='ocrx_word' id='word_1_2' title='bbox 563 313 710 362; x_wconf 77' lang='lat' dir='ltr'>Hortarii</span> <span class='ocrx_word' id='word_1_3' title='bbox 734 312 920 364; x_wconf 78' lang='lat' dir='ltr'>cantiiittiti</span> 
     </span>
    </p>
   </div>
   <div class='ocr_carea' id='block_1_2' title="bbox 566 724 939 805">
    <p class='ocr_par' dir='ltr' id='par_1_2' title="bbox 566 724 939 805">
     <span class='ocr_line' id='line_1_2' title="bbox 566 724 939 805; baseline -0.003 0"><span class='ocrx_word' id='word_1_4' title='bbox 566 725 846 805; x_wconf 73' lang='lat' dir='ltr'>calinffltv</span> <span class='ocrx_word' id='word_1_5' title='bbox 882 724 939 804; x_wconf 81' lang='lat' dir='ltr'>X.</span> 
     </span>
    </p>
   </div>
   <div class='ocr_carea' id='block_1_3' title="bbox 333 886 1095 1129">
    <p class='ocr_par' dir='ltr' id='par_1_3' title="bbox 333 886 1095 1129">
     <span class='ocr_line' id='line_1_3' title="bbox 333 886 1020 1004; baseline -0.006 -22"><span class='ocrx_word' id='word_1_6' title='bbox 333 917 478 984; x_wconf 77' lang='lat' dir='ltr'>Rectius</span> <span class='ocrx_word' id='word_1_7' title='bbox 498 886 618 1003; x_wconf 72' lang='lat' dir='ltr'>vitree,</span> <span class='ocrx_word' id='word_1_8' title='bbox 641 915 766 1004; x_wconf 82' lang='lat' dir='ltr'>Licini</span> <span class='ocrx_word' id='word_1_9' title='bbox 788 933 851 1004; x_wconf 76' lang='lat' dir='ltr'>neq</span> <span class='ocrx_word' id='word_1_10' title='bbox 854 933 896 983; x_wconf 87' lang='lat' dir='ltr'>ue</span> <span class='ocrx_word' id='word_1_11' title='bbox 918 915 1020 980; x_wconf 86' lang='lat' dir='ltr'>altum</span> 
     </span>
     <span class='ocr_line' id='line_1_4' title="bbox 336 1034 1095 1129; baseline -0.001 -25"><span class='ocrx_word' id='word_1_12' title='bbox 336 1034 479 1129; x_wconf 81' lang='lat' dir='ltr'>Semper</span> <span class='ocrx_word' id='word_1_13' title='bbox 500 1036 654 1125; x_wconf 70' lang='lat' dir='ltr'>urgendo</span> <span class='ocrx_word' id='word_1_14' title='bbox 677 1055 806 1126; x_wconf 74' lang='lat' dir='ltr'>neque</span> <span class='ocrx_word' id='word_1_15' title='bbox 829 1035 903 1101; x_wconf 92' lang='lat' dir='ltr'>dum</span> <span class='ocrx_word' id='word_1_16' title='bbox 927 1037 1095 1122; x_wconf 63' lang='lat' dir='ltr'>praellae</span> 
     </span>
    </p>
   </div>
   <div class='ocr_carea' id='block_1_4' title="bbox 209 1201 1293 1405">
    <p class='ocr_par' dir='ltr' id='par_1_4' title="bbox 209 1201 1293 1405">
     <span class='ocr_line' id='line_1_5' title="bbox 263 1201 1292 1266; baseline -0.001 -10"><span class='ocrx_word' id='word_1_17' title='bbox 263 1205 314 1256; x_wconf 90' lang='lat' dir='ltr'>Od.</span> <span class='ocrx_word' id='word_1_18' title='bbox 334 1203 369 1253; x_wconf 81' lang='grc' dir='ltr'><strong>Χ.</strong></span> <span class='ocrx_word' id='word_1_19' title='bbox 407 1203 491 1254; x_wconf 79' lang='lat' dir='ltr'>lnior.</span> <span class='ocrx_word' id='word_1_20' title='bbox 519 1204 587 1266; x_wconf 77' lang='lat' dir='ltr'>voig.</span> <span class='ocrx_word' id='word_1_21' title='bbox 623 1202 665 1253; x_wconf 80' lang='lat' dir='ltr'>Aa</span> <span class='ocrx_word' id='word_1_22' title='bbox 682 1203 812 1253; x_wconf 74' lang='lat' dir='ltr'>Licinium</span> <span class='ocrx_word' id='word_1_23' title='bbox 831 1208 857 1252; x_wconf 92' lang='lat' dir='ltr'>et</span> <span class='ocrx_word' id='word_1_24' title='bbox 881 1204 918 1252; x_wconf 86' lang='lat' dir='ltr'>aio</span> <span class='ocrx_word' id='word_1_25' title='bbox 941 1202 969 1251; x_wconf 86' lang='lat' dir='ltr'>S.</span> <span class='ocrx_word' id='word_1_26' title='bbox 1000 1226 1030 1238; x_wconf 93' lang='lat'>-</span> <span class='ocrx_word' id='word_1_27' title='bbox 1066 1201 1197 1253; x_wconf 75' lang='lat' dir='ltr'>Licinium</span> <span class='ocrx_word' id='word_1_28' title='bbox 1226 1206 1292 1255; x_wconf 89' lang='lat' dir='ltr'>etio·</span> 
     </span>
     <span class='ocr_line' id='line_1_6' title="bbox 209 1272 1293 1341; baseline -0.004 -14"><span class='ocrx_word' id='word_1_29' title='bbox 209 1278 300 1341; x_wconf 78' lang='lat' dir='ltr'>quitur</span> <span class='ocrx_word' id='word_1_30' title='bbox 317 1289 350 1325; x_wconf 79' lang='lat' dir='ltr'>oe</span> <span class='ocrx_word' id='word_1_31' title='bbox 367 1287 467 1336; x_wconf 76' lang='lat' dir='ltr'>semper</span> <span class='ocrx_word' id='word_1_32' title='bbox 485 1287 585 1339; x_wconf 75' lang='lat' dir='ltr'>mopno</span> <span class='ocrx_word' id='word_1_33' title='bbox 597 1278 714 1337; x_wconf 84' lang='lat' dir='ltr'>temptet.</span> <span class='ocrx_word' id='word_1_34' title='bbox 732 1273 786 1322; x_wconf 84' lang='lat' dir='ltr'>BT.</span> <span class='ocrx_word' id='word_1_35' title='bbox 808 1299 838 1308; x_wconf 95' lang='lat'><em>—</em></span> <span class='ocrx_word' id='word_1_36' title='bbox 857 1272 898 1322; x_wconf 72' lang='lat' dir='ltr'>Aa</span> <span class='ocrx_word' id='word_1_37' title='bbox 917 1274 1047 1323; x_wconf 80' lang='lat' dir='ltr'>Lieioium</span> <span class='ocrx_word' id='word_1_38' title='bbox 1064 1274 1207 1325; x_wconf 78' lang='lat' dir='ltr'>Murenam</span> <span class='ocrx_word' id='word_1_39' title='bbox 1225 1277 1293 1338; x_wconf 81' lang='lat' dir='ltr'>opti·</span> 
     </span>
     <span class='ocr_line' id='line_1_7' title="bbox 210 1344 889 1405; baseline -0.007 -9"><span class='ocrx_word' id='word_1_40' title='bbox 210 1361 281 1397; x_wconf 86' lang='lat' dir='ltr'>mum</span> <span class='ocrx_word' id='word_1_41' title='bbox 298 1359 350 1398; x_wconf 79' lang='lat' dir='ltr'>aare</span> <span class='ocrx_word' id='word_1_42' title='bbox 366 1346 489 1395; x_wconf 79' lang='lat' dir='ltr'>madium.</span> <span class='ocrx_word' id='word_1_43' title='bbox 509 1344 548 1405; x_wconf 77' lang='grc'>3.,</span> <span class='ocrx_word' id='word_1_44' title='bbox 566 1347 629 1395; x_wconf 89' lang='lat' dir='ltr'>itam</span> <span class='ocrx_word' id='word_1_45' title='bbox 648 1357 671 1394; x_wconf 86' lang='grc' dir='ltr'>ι.</span> <span class='ocrx_word' id='word_1_46' title='bbox 690 1344 791 1396; x_wconf 84' lang='lat' dir='ltr'>addens</span> <span class='ocrx_word' id='word_1_47' title='bbox 809 1346 889 1394; x_wconf 82' lang='lat' dir='ltr'>attae.</span> 
     </span>
    </p>
   </div>
   <div class='ocr_carea' id='block_1_5' title="bbox 211 1507 1303 3471">
    <p class='ocr_par' dir='ltr' id='par_1_5' title="bbox 211 1507 1303 3471">
     <span class='ocr_line' id='line_1_8' title="bbox 245 1507 1293 1569; baseline -0.002 -10"><span class='ocrx_word' id='word_1_48' title='bbox 245 1509 280 1559; x_wconf 83' lang='lat' dir='ltr'>X.</span> <span class='ocrx_word' id='word_1_49' title='bbox 305 1509 336 1557; x_wconf 84' lang='lat' dir='ltr'>L.</span> <span class='ocrx_word' id='word_1_50' title='bbox 356 1508 473 1557; x_wconf 81' lang='lat' dir='ltr'>Licinias</span> <span class='ocrx_word' id='word_1_51' title='bbox 492 1507 605 1559; x_wconf 82' lang='lat' dir='ltr'>Murena</span> <span class='ocrx_word' id='word_1_52' title='bbox 627 1510 732 1569; x_wconf 89' lang='lat' dir='ltr'>proprio</span> <span class='ocrx_word' id='word_1_53' title='bbox 770 1518 937 1558; x_wconf 79' lang='lat' dir='ltr'>communem</span> <span class='ocrx_word' id='word_1_54' title='bbox 970 1509 1076 1566; x_wconf 83' lang='lat' dir='ltr'>poetico</span> <span class='ocrx_word' id='word_1_55' title='bbox 1107 1518 1169 1557; x_wconf 85' lang='lat' dir='ltr'>oum</span> <span class='ocrx_word' id='word_1_56' title='bbox 1200 1512 1293 1558; x_wconf 87' lang='lat' dir='ltr'>ornatu</span> 
     </span>
     <span class='ocr_line' id='line_1_9' title="bbox 211 1584 1293 1651; baseline -0.006 -11"><span class='ocrx_word' id='word_1_57' title='bbox 211 1592 329 1648; x_wconf 90' lang='lat' dir='ltr'>nomine,</span> <span class='ocrx_word' id='word_1_58' title='bbox 340 1589 409 1638; x_wconf 85' lang='lat' dir='ltr'>fiiiua</span> <span class='ocrx_word' id='word_1_59' title='bbox 418 1587 547 1640; x_wconf 82' lang='lat' dir='ltr'>Murenae</span> <span class='ocrx_word' id='word_1_60' title='bbox 560 1589 642 1649; x_wconf 81' lang='lat' dir='ltr'>iiiior,</span> <span class='ocrx_word' id='word_1_61' title='bbox 654 1601 734 1651; x_wconf 86' lang='lat' dir='ltr'>quem</span> <span class='ocrx_word' id='word_1_62' title='bbox 771 1598 918 1648; x_wconf 80' lang='lat' dir='ltr'>proponere</span> <span class='ocrx_word' id='word_1_63' title='bbox 931 1584 1050 1646; x_wconf 79' lang='lat' dir='ltr'>Licinio,</span> <span class='ocrx_word' id='word_1_64' title='bbox 1064 1585 1143 1647; x_wconf 84' lang='lat' dir='ltr'>quem</span> <span class='ocrx_word' id='word_1_65' title='bbox 1158 1588 1293 1636; x_wconf 89' lang='lat' dir='ltr'>interdum</span> 
     </span>
     <span class='ocr_line' id='line_1_10' title="bbox 212 1665 1293 1730; baseline -0.002 -12"><span class='ocrx_word' id='word_1_66' title='bbox 212 1668 304 1719; x_wconf 83' lang='lat' dir='ltr'>Cicero</span> <span class='ocrx_word' id='word_1_67' title='bbox 328 1667 467 1727; x_wconf 84' lang='lat' dir='ltr'>deiendit‚</span> <span class='ocrx_word' id='word_1_68' title='bbox 494 1673 585 1728; x_wconf 79' lang='lat' dir='ltr'>postea</span> <span class='ocrx_word' id='word_1_69' title='bbox 602 1681 651 1730; x_wconf 89' lang='lat' dir='ltr'>per</span> <span class='ocrx_word' id='word_1_70' title='bbox 672 1667 722 1718; x_wconf 90' lang='lat' dir='ltr'>ado</span> <span class='ocrx_word' id='word_1_71' title='bbox 770 1666 881 1717; x_wconf 86' lang='lat' dir='ltr'>iortaaae</span> <span class='ocrx_word' id='word_1_72' title='bbox 899 1665 1003 1716; x_wconf 85' lang='lat' dir='ltr'>viderat</span> <span class='ocrx_word' id='word_1_73' title='bbox 1015 1665 1086 1725; x_wconf 91' lang='lat' dir='ltr'>apud</span> <span class='ocrx_word' id='word_1_74' title='bbox 1100 1665 1293 1727; x_wconf 73' lang='lat' dir='ltr'>Maecenatem,</span> 
     </span>
     <span class='ocr_line' id='line_1_11' title="bbox 211 1743 1295 1809; baseline 0.001 -13"><span class='ocrx_word' id='word_1_75' title='bbox 211 1750 329 1809; x_wconf 89' lang='lat' dir='ltr'>ptionem</span> <span class='ocrx_word' id='word_1_76' title='bbox 347 1744 381 1795; x_wconf 79' lang='lat' dir='ltr'>A.</span> <span class='ocrx_word' id='word_1_77' title='bbox 404 1747 545 1797; x_wconf 74' lang='lat' dir='ltr'>Terentius</span> <span class='ocrx_word' id='word_1_78' title='bbox 568 1748 652 1797; x_wconf 79' lang='lat' dir='ltr'>Varro</span> <span class='ocrx_word' id='word_1_79' title='bbox 674 1747 735 1799; x_wconf 82' lang='lat' dir='ltr'>Mu·</span> <span class='ocrx_word' id='word_1_80' title='bbox 771 1747 845 1795; x_wconf 82' lang='lat' dir='ltr'>ouius</span> <span class='ocrx_word' id='word_1_81' title='bbox 858 1746 946 1795; x_wconf 82' lang='lat' dir='ltr'>uxoria</span> <span class='ocrx_word' id='word_1_82' title='bbox 959 1743 1101 1795; x_wconf 73' lang='lat' dir='ltr'>Terentiae</span> <span class='ocrx_word' id='word_1_83' title='bbox 1114 1755 1162 1804; x_wconf 93' lang='lat' dir='ltr'>per</span> <span class='ocrx_word' id='word_1_84' title='bbox 1174 1746 1295 1806; x_wconf 88' lang='lat' dir='ltr'>adoptio·</span> 
     </span>
     <span class='ocr_line' id='line_1_12' title="bbox 212 1823 1295 1889; baseline -0.002 -12"><span class='ocrx_word' id='word_1_85' title='bbox 212 1840 276 1877; x_wconf 89' lang='lat' dir='ltr'>rena</span> <span class='ocrx_word' id='word_1_86' title='bbox 301 1823 380 1889; x_wconf 78' lang='lat' dir='ltr'>(Fert.</span> <span class='ocrx_word' id='word_1_87' title='bbox 401 1823 478 1888; x_wconf 80' lang='lat' dir='ltr'>Cap.)</span> <span class='ocrx_word' id='word_1_88' title='bbox 501 1826 662 1889; x_wconf 87' lang='lat' dir='ltr'>appeiiatus,</span> <span class='ocrx_word' id='word_1_89' title='bbox 685 1826 736 1875; x_wconf 90' lang='lat' dir='ltr'>ira·</span> <span class='ocrx_word' id='word_1_90' title='bbox 771 1837 833 1874; x_wconf 90' lang='lat' dir='ltr'>nem</span> <span class='ocrx_word' id='word_1_91' title='bbox 851 1824 931 1874; x_wconf 88' lang='lat' dir='ltr'>irater</span> <span class='ocrx_word' id='word_1_92' title='bbox 948 1828 1014 1882; x_wconf 88' lang='lat' dir='ltr'>arat,</span> <span class='ocrx_word' id='word_1_93' title='bbox 1029 1835 1063 1872; x_wconf 91' lang='lat' dir='ltr'>an</span> <span class='ocrx_word' id='word_1_94' title='bbox 1080 1824 1295 1875; x_wconf 84' lang='lat' dir='ltr'>ooeuitioreoon-</span> 
     </span>
     <span class='ocr_line' id='line_1_13' title="bbox 213 1902 1295 1969; baseline -0.002 -14"><span class='ocrx_word' id='word_1_95' title='bbox 213 1911 253 1956; x_wconf 89' lang='lat' dir='ltr'>ter</span> <span class='ocrx_word' id='word_1_96' title='bbox 269 1905 299 1955; x_wconf 87' lang='lat' dir='ltr'>C.</span> <span class='ocrx_word' id='word_1_97' title='bbox 313 1904 447 1955; x_wconf 88' lang='lat' dir='ltr'>Proeuieii</span> <span class='ocrx_word' id='word_1_98' title='bbox 465 1905 535 1955; x_wconf 86' lang='lat' dir='ltr'>iiiios</span> <span class='ocrx_word' id='word_1_99' title='bbox 547 1943 554 1966; x_wconf 89' lang='lat'><strong>,</strong></span> <span class='ocrx_word' id='word_1_100' title='bbox 566 1908 611 1969; x_wconf 84' lang='lat' dir='ltr'>qui</span> <span class='ocrx_word' id='word_1_101' title='bbox 626 1910 736 1966; x_wconf 89' lang='lat' dir='ltr'>propter</span> <span class='ocrx_word' id='word_1_102' title='bbox 772 1904 831 1954; x_wconf 88' lang='lat' dir='ltr'>aiiio</span> <span class='ocrx_word' id='word_1_103' title='bbox 853 1916 916 1953; x_wconf 78' lang='lat' dir='ltr'>usas</span> <span class='ocrx_word' id='word_1_104' title='bbox 938 1902 1073 1952; x_wconf 83' lang='lat' dir='ltr'>hominem</span> <span class='ocrx_word' id='word_1_105' title='bbox 1097 1903 1295 1963; x_wconf 80' lang='lat' dir='ltr'>imprudentem</span> 
     </span>
     <span class='ocr_line' id='line_1_14' title="bbox 213 1983 1295 2048; baseline -0.002 -14"><span class='ocrx_word' id='word_1_106' title='bbox 213 1987 342 2048; x_wconf 77' lang='lat' dir='ltr'>insignem</span> <span class='ocrx_word' id='word_1_107' title='bbox 369 1986 396 2032; x_wconf 91' lang='lat' dir='ltr'>iu</span> <span class='ocrx_word' id='word_1_108' title='bbox 426 1983 519 2035; x_wconf 80' lang='lat' dir='ltr'>iratres</span> <span class='ocrx_word' id='word_1_109' title='bbox 552 1984 735 2034; x_wconf 82' lang='lat' dir='ltr'>liberalitatem</span> <span class='ocrx_word' id='word_1_110' title='bbox 772 1984 914 2035; x_wconf 84' lang='lat' dir='ltr'>abinaanis</span> <span class='ocrx_word' id='word_1_111' title='bbox 933 1984 1061 2042; x_wconf 81' lang='lat' dir='ltr'>inceptio,</span> <span class='ocrx_word' id='word_1_112' title='bbox 1083 1985 1188 2044; x_wconf 80' lang='lat' dir='ltr'>quaeat</span> <span class='ocrx_word' id='word_1_113' title='bbox 1201 1996 1295 2034; x_wconf 84' lang='lat' dir='ltr'>necem</span> 
     </span>
     <span class='ocr_line' id='line_1_15' title="bbox 213 2062 1296 2126; baseline -0.002 -13"><span class='ocrx_word' id='word_1_114' title='bbox 213 2064 382 2126; x_wconf 74' lang='lat' dir='ltr'>praedicetur</span> <span class='ocrx_word' id='word_1_115' title='bbox 392 2063 443 2113; x_wconf 87' lang='lat' dir='ltr'>Od.</span> <span class='ocrx_word' id='word_1_116' title='bbox 456 2064 485 2125; x_wconf 75' lang='lat'>2,</span> <span class='ocrx_word' id='word_1_117' title='bbox 497 2066 524 2123; x_wconf 72' lang='lat'>2,</span> <span class='ocrx_word' id='word_1_118' title='bbox 536 2066 574 2124; x_wconf 90' lang='grc'>5.,</span> <span class='ocrx_word' id='word_1_119' title='bbox 596 2069 623 2115; x_wconf 90' lang='grc' dir='ltr'>ιι</span> <span class='ocrx_word' id='word_1_120' title='bbox 636 2065 737 2114; x_wconf 90' lang='lat' dir='ltr'>Teren·</span> <span class='ocrx_word' id='word_1_121' title='bbox 772 2064 880 2115; x_wconf 89' lang='lat' dir='ltr'>tandem</span> <span class='ocrx_word' id='word_1_122' title='bbox 891 2062 1047 2114; x_wconf 86' lang='lat' dir='ltr'>attuierunt,</span> <span class='ocrx_word' id='word_1_123' title='bbox 1060 2062 1195 2112; x_wconf 85' lang='lat' dir='ltr'>dehortari</span> <span class='ocrx_word' id='word_1_124' title='bbox 1205 2063 1296 2115; x_wconf 78' lang='lat' dir='ltr'>volue-</span> 
     </span>
     <span class='ocr_line' id='line_1_16' title="bbox 215 2138 1297 2215; baseline -0.002 -23"><span class='ocrx_word' id='word_1_125' title='bbox 215 2146 267 2194; x_wconf 88' lang='lat' dir='ltr'>ttae</span> <span class='ocrx_word' id='word_1_126' title='bbox 287 2143 470 2203; x_wconf 80' lang='lat' dir='ltr'>Maecenatis,</span> <span class='ocrx_word' id='word_1_127' title='bbox 501 2138 621 2215; x_wconf 81' lang='grc' dir='ltr'><strong><em>ἀκράτῳ</em></strong></span> <span class='ocrx_word' id='word_1_128' title='bbox 639 2140 738 2208; x_wconf 82' lang='lat' dir='ltr'>(inquit</span> <span class='ocrx_word' id='word_1_129' title='bbox 772 2146 815 2193; x_wconf 89' lang='lat' dir='ltr'>rit.</span> <span class='ocrx_word' id='word_1_130' title='bbox 840 2141 918 2192; x_wconf 85' lang='lat' dir='ltr'>Certe</span> <span class='ocrx_word' id='word_1_131' title='bbox 936 2142 979 2194; x_wconf 80' lang='lat' dir='ltr'>rei</span> <span class='ocrx_word' id='word_1_132' title='bbox 993 2142 1148 2202; x_wconf 84' lang='lat' dir='ltr'>providente</span> <span class='ocrx_word' id='word_1_133' title='bbox 1165 2146 1243 2202; x_wconf 83' lang='lat' dir='ltr'>poeta</span> <span class='ocrx_word' id='word_1_134' title='bbox 1256 2141 1297 2193; x_wconf 85' lang='lat' dir='ltr'>rei</span> 
     </span>
     <span class='ocr_line' id='line_1_17' title="bbox 212 2216 1298 2293; baseline -0.001 -21"><span class='ocrx_word' id='word_1_135' title='bbox 212 2222 265 2272; x_wconf 76' lang='lat' dir='ltr'>lito</span> <span class='ocrx_word' id='word_1_136' title='bbox 280 2221 325 2282; x_wconf 74' lang='grc'><strong>53,</strong></span> <span class='ocrx_word' id='word_1_137' title='bbox 338 2218 376 2286; x_wconf 88' lang='grc'>3.)</span> <span class='ocrx_word' id='word_1_138' title='bbox 392 2224 442 2273; x_wconf 85' lang='grc' dir='ltr'>και</span> <span class='ocrx_word' id='word_1_139' title='bbox 456 2216 738 2293; x_wconf 78' lang='grc' dir='ltr'><strong>κατακοριιπαῤῥη·</strong></span> <span class='ocrx_word' id='word_1_140' title='bbox 773 2221 942 2282; x_wconf 87' lang='lat' dir='ltr'>imprudente</span> <span class='ocrx_word' id='word_1_141' title='bbox 965 2233 1072 2272; x_wconf 81' lang='lat' dir='ltr'>carmen</span> <span class='ocrx_word' id='word_1_142' title='bbox 1096 2221 1177 2272; x_wconf 82' lang='lat' dir='ltr'>vetuti</span> <span class='ocrx_word' id='word_1_143' title='bbox 1203 2223 1298 2271; x_wconf 83' lang='lat' dir='ltr'>ratiot-</span> 
     </span>
     <span class='ocr_line' id='line_1_18' title="bbox 213 2294 1297 2372; baseline -0.002 -20"><span class='ocrx_word' id='word_1_144' title='bbox 213 2303 266 2370; x_wconf 76' lang='grc' dir='ltr'>σιᾳ</span> <span class='ocrx_word' id='word_1_145' title='bbox 283 2301 357 2372; x_wconf 76' lang='grc' dir='ltr'>πρὸς</span> <span class='ocrx_word' id='word_1_146' title='bbox 369 2304 481 2363; x_wconf 78' lang='grc' dir='ltr'><em>πάντας</em></span> <span class='ocrx_word' id='word_1_147' title='bbox 495 2294 608 2365; x_wconf 80' lang='grc' dir='ltr'><em>ὁμοίως</em></span> <span class='ocrx_word' id='word_1_148' title='bbox 617 2297 735 2371; x_wconf 68' lang='grc' dir='ltr'><em>ἐχρῆτο·</em></span> <span class='ocrx_word' id='word_1_149' title='bbox 773 2305 847 2351; x_wconf 91' lang='lat' dir='ltr'>nium</span> <span class='ocrx_word' id='word_1_150' title='bbox 859 2301 893 2350; x_wconf 91' lang='lat' dir='ltr'>de</span> <span class='ocrx_word' id='word_1_151' title='bbox 907 2302 1002 2351; x_wconf 80' lang='lat' dir='ltr'>misero</span> <span class='ocrx_word' id='word_1_152' title='bbox 1012 2299 1106 2349; x_wconf 87' lang='lat' dir='ltr'>Lieiuii</span> <span class='ocrx_word' id='word_1_153' title='bbox 1118 2302 1189 2351; x_wconf 84' lang='lat' dir='ltr'>exitu</span> <span class='ocrx_word' id='word_1_154' title='bbox 1199 2302 1297 2363; x_wconf 83' lang='lat' dir='ltr'>aequa·</span> 
     </span>
     <span class='ocr_line' id='line_1_19' title="bbox 214 2378 1298 2442; baseline -0.002 -12"><span class='ocrx_word' id='word_1_155' title='bbox 214 2381 301 2430; x_wconf 82' lang='lat' dir='ltr'>Homo</span> <span class='ocrx_word' id='word_1_156' title='bbox 337 2381 416 2442; x_wconf 78' lang='lat' dir='ltr'>igitur</span> <span class='ocrx_word' id='word_1_157' title='bbox 449 2378 617 2429; x_wconf 83' lang='lat' dir='ltr'>turbulentae</span> <span class='ocrx_word' id='word_1_158' title='bbox 655 2385 736 2441; x_wconf 88' lang='lat' dir='ltr'>atque</span> <span class='ocrx_word' id='word_1_159' title='bbox 773 2378 1298 2431; x_wconf 73' lang='lat' dir='ltr'>tibuavideridebeiratdametaideiiniri</span> 
     </span>
     <span class='ocr_line' id='line_1_20' title="bbox 214 2457 1299 2522; baseline -0.005 -11"><span class='ocrx_word' id='word_1_160' title='bbox 214 2459 370 2511; x_wconf 77' lang='lat' dir='ltr'>ambitiosus</span> <span class='ocrx_word' id='word_1_161' title='bbox 389 2457 501 2520; x_wconf 73' lang='lat' dir='ltr'>Augusti</span> <span class='ocrx_word' id='word_1_162' title='bbox 528 2459 736 2511; x_wconf 85' lang='lat' dir='ltr'>dominationem</span> <span class='ocrx_word' id='word_1_163' title='bbox 774 2462 877 2522; x_wconf 85' lang='lat' dir='ltr'>nequit,</span> <span class='ocrx_word' id='word_1_164' title='bbox 900 2471 953 2520; x_wconf 83' lang='lat' dir='ltr'>quo</span> <span class='ocrx_word' id='word_1_165' title='bbox 975 2470 1044 2509; x_wconf 86' lang='lat' dir='ltr'>anno</span> <span class='ocrx_word' id='word_1_166' title='bbox 1067 2461 1245 2519; x_wconf 79' lang='lat' dir='ltr'>compositum</span> <span class='ocrx_word' id='word_1_167' title='bbox 1264 2458 1299 2507; x_wconf 85' lang='lat' dir='ltr'>sit</span> 
     </span>
     <span class='ocr_line' id='line_1_21' title="bbox 215 2536 1299 2613; baseline -0.001 -26"><span class='ocrx_word' id='word_1_168' title='bbox 215 2537 309 2588; x_wconf 81' lang='lat' dir='ltr'>acerbe</span> <span class='ocrx_word' id='word_1_169' title='bbox 331 2539 461 2600; x_wconf 74' lang='lat' dir='ltr'>exagitare</span> <span class='ocrx_word' id='word_1_170' title='bbox 474 2538 584 2613; x_wconf 39' lang='lat' dir='ltr'>&#39;aoiebat</span> <span class='ocrx_word' id='word_1_171' title='bbox 602 2549 737 2598; x_wconf 78' lang='lat' dir='ltr'>novasque</span> <span class='ocrx_word' id='word_1_172' title='bbox 775 2565 806 2574; x_wconf 94' lang='lat'>-</span> <span class='ocrx_word' id='word_1_173' title='bbox 818 2540 948 2589; x_wconf 85' lang='lat' dir='ltr'>iiuetaant</span> <span class='ocrx_word' id='word_1_174' title='bbox 959 2540 1029 2589; x_wconf 88' lang='lat' dir='ltr'>inter</span> <span class='ocrx_word' id='word_1_175' title='bbox 1042 2550 1128 2588; x_wconf 84' lang='lat' dir='ltr'>annos</span> <span class='ocrx_word' id='word_1_176' title='bbox 1149 2537 1221 2597; x_wconf 74' lang='lat' dir='ltr'>ret,</span> <span class='ocrx_word' id='word_1_177' title='bbox 1235 2536 1299 2599; x_wconf 76' lang='lat'><strong>728,</strong></span> 
     </span>
     <span class='ocr_line' id='line_1_22' title="bbox 214 2615 1299 2679; baseline 0 -13"><span class='ocrx_word' id='word_1_178' title='bbox 214 2630 257 2667; x_wconf 88' lang='lat' dir='ltr'>rea</span> <span class='ocrx_word' id='word_1_179' title='bbox 278 2628 383 2676; x_wconf 87' lang='lat' dir='ltr'>aemper</span> <span class='ocrx_word' id='word_1_180' title='bbox 404 2615 500 2665; x_wconf 85' lang='lat' dir='ltr'>moliri.</span> <span class='ocrx_word' id='word_1_181' title='bbox 526 2617 602 2668; x_wconf 86' lang='lat' dir='ltr'>Initia</span> <span class='ocrx_word' id='word_1_182' title='bbox 620 2619 737 2679; x_wconf 85' lang='lat' dir='ltr'>denique</span> <span class='ocrx_word' id='word_1_183' title='bbox 773 2617 837 2668; x_wconf 91' lang='grc'><strong>731.</strong></span> <span class='ocrx_word' id='word_1_184' title='bbox 865 2643 896 2654; x_wconf 92' lang='lat'>-</span> <span class='ocrx_word' id='word_1_185' title='bbox 920 2620 1016 2668; x_wconf 88' lang='lat' dir='ltr'>mirum</span> <span class='ocrx_word' id='word_1_186' title='bbox 1035 2622 1093 2676; x_wconf 86' lang='lat' dir='ltr'>eat,</span> <span class='ocrx_word' id='word_1_187' title='bbox 1125 2629 1211 2678; x_wconf 84' lang='lat' dir='ltr'>aeque</span> <span class='ocrx_word' id='word_1_188' title='bbox 1233 2617 1299 2666; x_wconf 86' lang='lat' dir='ltr'>iliud</span> 
     </span>
     <span class='ocr_line' id='line_1_23' title="bbox 215 2693 1300 2764; baseline 0 -19"><span class='ocrx_word' id='word_1_189' title='bbox 215 2708 276 2745; x_wconf 88' lang='lat' dir='ltr'>eum</span> <span class='ocrx_word' id='word_1_190' title='bbox 293 2695 395 2743; x_wconf 84' lang='lat' dir='ltr'>Fannio</span> <span class='ocrx_word' id='word_1_191' title='bbox 413 2693 546 2756; x_wconf 85' lang='lat' dir='ltr'>Caepione</span> <span class='ocrx_word' id='word_1_192' title='bbox 564 2695 676 2760; x_wconf 76' lang='lat' dir='ltr'>Augusti</span> <span class='ocrx_word' id='word_1_193' title='bbox 695 2707 738 2745; x_wconf 88' lang='lat' dir='ltr'>oo·</span> <span class='ocrx_word' id='word_1_194' title='bbox 774 2700 880 2759; x_wconf 83' lang='lat' dir='ltr'>utrique</span> <span class='ocrx_word' id='word_1_195' title='bbox 898 2697 986 2748; x_wconf 85' lang='lat' dir='ltr'>iarere</span> <span class='ocrx_word' id='word_1_196' title='bbox 1005 2697 1125 2757; x_wconf 88' lang='lat' dir='ltr'>opinioni</span> <span class='ocrx_word' id='word_1_197' title='bbox 1145 2701 1197 2745; x_wconf 88' lang='lat' dir='ltr'>tres</span> <span class='ocrx_word' id='word_1_198' title='bbox 1219 2696 1300 2764; x_wconf 83' lang='lat' dir='ltr'>iibroa</span> 
     </span>
     <span class='ocr_line' id='line_1_24' title="bbox 215 2772 1301 2840; baseline 0 -16"><span class='ocrx_word' id='word_1_199' title='bbox 215 2774 322 2825; x_wconf 86' lang='lat' dir='ltr'>eidendi</span> <span class='ocrx_word' id='word_1_200' title='bbox 348 2774 464 2824; x_wconf 85' lang='lat' dir='ltr'>eonaitiia</span> <span class='ocrx_word' id='word_1_201' title='bbox 497 2777 583 2837; x_wconf 83' lang='lat' dir='ltr'>iisque</span> <span class='ocrx_word' id='word_1_202' title='bbox 609 2776 737 2835; x_wconf 84' lang='lat' dir='ltr'>detectio,</span> <span class='ocrx_word' id='word_1_203' title='bbox 775 2777 931 2829; x_wconf 85' lang='lat' dir='ltr'>editoaeaae</span> <span class='ocrx_word' id='word_1_204' title='bbox 949 2782 996 2827; x_wconf 89' lang='lat' dir='ltr'>aut</span> <span class='ocrx_word' id='word_1_205' title='bbox 1016 2775 1079 2827; x_wconf 91' lang='grc'><strong>731.</strong></span> <span class='ocrx_word' id='word_1_206' title='bbox 1105 2772 1228 2840; x_wconf 72' lang='lat' dir='ltr'>(Fronte)</span> <span class='ocrx_word' id='word_1_207' title='bbox 1253 2781 1301 2826; x_wconf 83' lang='lat' dir='ltr'>aut</span> 
     </span>
     <span class='ocr_line' id='line_1_25' title="bbox 215 2851 1302 2919; baseline 0.001 -15"><span class='ocrx_word' id='word_1_208' title='bbox 215 2853 293 2904; x_wconf 86' lang='lat' dir='ltr'>ambo</span> <span class='ocrx_word' id='word_1_209' title='bbox 313 2866 328 2902; x_wconf 91' lang='lat' dir='ltr'>a</span> <span class='ocrx_word' id='word_1_210' title='bbox 350 2853 458 2903; x_wconf 83' lang='lat' dir='ltr'>Tiberio</span> <span class='ocrx_word' id='word_1_211' title='bbox 479 2855 518 2905; x_wconf 88' lang='lat' dir='ltr'>rei</span> <span class='ocrx_word' id='word_1_212' title='bbox 539 2854 599 2905; x_wconf 86' lang='lat' dir='ltr'>iacti</span> <span class='ocrx_word' id='word_1_213' title='bbox 621 2860 656 2915; x_wconf 89' lang='lat' dir='ltr'>et,</span> <span class='ocrx_word' id='word_1_214' title='bbox 678 2866 738 2905; x_wconf 86' lang='lat' dir='ltr'>oum</span> <span class='ocrx_word' id='word_1_215' title='bbox 774 2855 837 2906; x_wconf 83' lang='grc'><strong>733.</strong></span> <span class='ocrx_word' id='word_1_216' title='bbox 864 2851 1000 2919; x_wconf 85' lang='lat' dir='ltr'>(Liibkar.)</span> <span class='ocrx_word' id='word_1_217' title='bbox 1037 2861 1108 2907; x_wconf 83' lang='lat' dir='ltr'>certe</span> <span class='ocrx_word' id='word_1_218' title='bbox 1140 2861 1201 2906; x_wconf 90' lang='lat' dir='ltr'>ante</span> <span class='ocrx_word' id='word_1_219' title='bbox 1231 2855 1302 2906; x_wconf 82' lang='lat' dir='ltr'>Lici·</span> 
     </span>
     <span class='ocr_line' id='line_1_26' title="bbox 216 2932 1302 2996; baseline 0.003 -14"><span class='ocrx_word' id='word_1_220' title='bbox 216 2932 489 2983; x_wconf 86' lang='lat' dir='ltr'>diedietainiudieio</span> <span class='ocrx_word' id='word_1_221' title='bbox 503 2947 557 2983; x_wconf 89' lang='lat' dir='ltr'>non</span> <span class='ocrx_word' id='word_1_222' title='bbox 576 2935 739 2994; x_wconf 83' lang='lat' dir='ltr'>oomparuia-</span> <span class='ocrx_word' id='word_1_223' title='bbox 775 2938 813 2985; x_wconf 93' lang='lat' dir='ltr'>nti</span> <span class='ocrx_word' id='word_1_224' title='bbox 835 2948 945 2994; x_wconf 81' lang='lat' dir='ltr'>necem,</span> <span class='ocrx_word' id='word_1_225' title='bbox 983 2948 1009 2986; x_wconf 89' lang='lat' dir='ltr'>a.</span> <span class='ocrx_word' id='word_1_226' title='bbox 1036 2935 1099 2986; x_wconf 86' lang='grc'><strong>733.</strong></span> <span class='ocrx_word' id='word_1_227' title='bbox 1137 2947 1197 2985; x_wconf 88' lang='lat' dir='ltr'>eum</span> <span class='ocrx_word' id='word_1_228' title='bbox 1222 2935 1302 2996; x_wconf 89' lang='lat' dir='ltr'>pieri-</span> 
     </span>
     <span class='ocr_line' id='line_1_27' title="bbox 216 3010 1303 3078; baseline 0.005 -17"><span class='ocrx_word' id='word_1_229' title='bbox 216 3015 284 3071; x_wconf 83' lang='lat' dir='ltr'>aent‚</span> <span class='ocrx_word' id='word_1_230' title='bbox 299 3010 421 3061; x_wconf 83' lang='lat' dir='ltr'>absentes</span> <span class='ocrx_word' id='word_1_231' title='bbox 435 3013 526 3063; x_wconf 84' lang='lat' dir='ltr'>exaiiio</span> <span class='ocrx_word' id='word_1_232' title='bbox 545 3013 660 3064; x_wconf 89' lang='lat' dir='ltr'>damnati</span> <span class='ocrx_word' id='word_1_233' title='bbox 677 3019 740 3062; x_wconf 84' lang='lat' dir='ltr'>sunt</span> <span class='ocrx_word' id='word_1_234' title='bbox 777 3028 846 3078; x_wconf 83' lang='lat' dir='ltr'>que,</span> <span class='ocrx_word' id='word_1_235' title='bbox 860 3017 917 3076; x_wconf 89' lang='lat' dir='ltr'>ipae</span> <span class='ocrx_word' id='word_1_236' title='bbox 932 3016 1011 3065; x_wconf 91' lang='lat' dir='ltr'>etiam</span> <span class='ocrx_word' id='word_1_237' title='bbox 1026 3015 1167 3066; x_wconf 81' lang='lat' dir='ltr'>Maecenas</span> <span class='ocrx_word' id='word_1_238' title='bbox 1178 3027 1238 3065; x_wconf 86' lang='lat' dir='ltr'>eam</span> <span class='ocrx_word' id='word_1_239' title='bbox 1251 3015 1303 3066; x_wconf 86' lang='grc' dir='ltr'>Τι-</span> 
     </span>
     <span class='ocr_line' id='line_1_28' title="bbox 216 3090 1301 3152; baseline 0.003 -12"><span class='ocrx_word' id='word_1_240' title='bbox 216 3096 243 3140; x_wconf 91' lang='grc' dir='ltr'>ιι</span> <span class='ocrx_word' id='word_1_241' title='bbox 258 3090 353 3151; x_wconf 71' lang='grc' dir='ltr'><strong>ιιιιΙΙο</strong></span> <span class='ocrx_word' id='word_1_242' title='bbox 373 3098 433 3152; x_wconf 84' lang='lat' dir='ltr'>poet</span> <span class='ocrx_word' id='word_1_243' title='bbox 454 3094 540 3142; x_wconf 85' lang='lat' dir='ltr'>necati</span> <span class='ocrx_word' id='word_1_244' title='bbox 556 3105 580 3141; x_wconf 91' lang='lat' dir='ltr'>a.</span> <span class='ocrx_word' id='word_1_245' title='bbox 596 3107 624 3142; x_wconf 90' lang='lat' dir='ltr'>u.</span> <span class='ocrx_word' id='word_1_246' title='bbox 637 3104 659 3142; x_wconf 90' lang='lat' dir='ltr'>c.</span> <span class='ocrx_word' id='word_1_247' title='bbox 673 3091 736 3141; x_wconf 90' lang='grc'><strong>731.</strong></span> <span class='ocrx_word' id='word_1_248' title='bbox 776 3097 872 3150; x_wconf 78' lang='lat' dir='ltr'>nentia,</span> <span class='ocrx_word' id='word_1_249' title='bbox 886 3095 949 3144; x_wconf 85' lang='lat' dir='ltr'>aatia</span> <span class='ocrx_word' id='word_1_250' title='bbox 971 3095 1023 3143; x_wconf 90' lang='lat' dir='ltr'>iam</span> <span class='ocrx_word' id='word_1_251' title='bbox 1041 3095 1301 3147; x_wconf 73' lang='lat' dir='ltr'>iaominia&#39;temerarii</span> 
     </span>
     <span class='ocr_line' id='line_1_29' title="bbox 216 3171 1303 3234; baseline 0.003 -16"><span class='ocrx_word' id='word_1_252' title='bbox 216 3182 270 3233; x_wconf 83' lang='lat' dir='ltr'>quo</span> <span class='ocrx_word' id='word_1_253' title='bbox 292 3172 349 3230; x_wconf 84' lang='lat' dir='ltr'>ipeo</span> <span class='ocrx_word' id='word_1_254' title='bbox 372 3184 441 3221; x_wconf 87' lang='lat' dir='ltr'>auno</span> <span class='ocrx_word' id='word_1_255' title='bbox 466 3171 557 3220; x_wconf 81' lang='lat' dir='ltr'>consui</span> <span class='ocrx_word' id='word_1_256' title='bbox 585 3177 641 3221; x_wconf 87' lang='lat' dir='ltr'>erat</span> <span class='ocrx_word' id='word_1_257' title='bbox 660 3172 740 3222; x_wconf 85' lang='lat' dir='ltr'>aude·</span> <span class='ocrx_word' id='word_1_258' title='bbox 776 3186 807 3227; x_wconf 88' lang='lat' dir='ltr'>ae</span> <span class='ocrx_word' id='word_1_259' title='bbox 827 3176 920 3223; x_wconf 88' lang='lat' dir='ltr'>merito</span> <span class='ocrx_word' id='word_1_260' title='bbox 942 3173 1072 3234; x_wconf 85' lang='lat' dir='ltr'>auppiieio</span> <span class='ocrx_word' id='word_1_261' title='bbox 1102 3174 1189 3224; x_wconf 82' lang='lat' dir='ltr'>adecti</span> <span class='ocrx_word' id='word_1_262' title='bbox 1214 3178 1303 3223; x_wconf 85' lang='lat' dir='ltr'>assent</span> 
     </span>
     <span class='ocr_line' id='line_1_30' title="bbox 218 3238 1299 3314; baseline 0.005 -17"><span class='ocrx_word' id='word_1_263' title='bbox 218 3253 285 3297; x_wconf 83' lang='lat' dir='ltr'>otus.</span> <span class='ocrx_word' id='word_1_264' title='bbox 315 3248 384 3300; x_wconf 85' lang='lat' dir='ltr'>Vide</span> <span class='ocrx_word' id='word_1_265' title='bbox 394 3250 493 3300; x_wconf 88' lang='lat' dir='ltr'>Baiteri</span> <span class='ocrx_word' id='word_1_266' title='bbox 503 3250 572 3298; x_wconf 81' lang='lat' dir='ltr'>Faat.</span> <span class='ocrx_word' id='word_1_267' title='bbox 587 3249 666 3300; x_wconf 80' lang='lat' dir='ltr'>Cone·</span> <span class='ocrx_word' id='word_1_268' title='bbox 679 3264 737 3313; x_wconf 76' lang='lat' dir='ltr'>pag.</span> <span class='ocrx_word' id='word_1_269' title='bbox 777 3253 871 3310; x_wconf 83' lang='lat' dir='ltr'>obiiti,</span> <span class='ocrx_word' id='word_1_270' title='bbox 896 3238 980 3301; x_wconf 83' lang='lat' dir='ltr'>itaut</span> <span class='ocrx_word' id='word_1_271' title='bbox 1004 3263 1038 3302; x_wconf 84' lang='lat' dir='ltr'>ne</span> <span class='ocrx_word' id='word_1_272' title='bbox 1063 3255 1162 3302; x_wconf 91' lang='lat' dir='ltr'>mentio</span> <span class='ocrx_word' id='word_1_273' title='bbox 1188 3252 1299 3314; x_wconf 84' lang='lat' dir='ltr'>quidem</span> 
     </span>
     <span class='ocr_line' id='line_1_31' title="bbox 216 3326 1301 3393; baseline 0.004 -18"><span class='ocrx_word' id='word_1_274' title='bbox 216 3326 299 3376; x_wconf 79' lang='lat' dir='ltr'>Lvii.</span> <span class='ocrx_word' id='word_1_275' title='bbox 319 3328 434 3388; x_wconf 62' lang='lat' dir='ltr'>Velm,</span> <span class='ocrx_word' id='word_1_276' title='bbox 451 3327 496 3377; x_wconf 90' lang='grc'>31.</span> <span class='ocrx_word' id='word_1_277' title='bbox 528 3326 580 3379; x_wconf 86' lang='lat' dir='ltr'>Dio</span> <span class='ocrx_word' id='word_1_278' title='bbox 599 3329 738 3381; x_wconf 74' lang='lat' dir='ltr'>uitiati.</span> <span class='ocrx_word' id='word_1_279' title='bbox 777 3333 835 3382; x_wconf 85' lang='lat' dir='ltr'>eiua</span> <span class='ocrx_word' id='word_1_280' title='bbox 852 3331 885 3380; x_wconf 83' lang='lat' dir='ltr'>ab</span> <span class='ocrx_word' id='word_1_281' title='bbox 897 3330 1006 3380; x_wconf 84' lang='lat' dir='ltr'>Horatio</span> <span class='ocrx_word' id='word_1_282' title='bbox 1018 3330 1086 3381; x_wconf 84' lang='lat' dir='ltr'>iacta</span> <span class='ocrx_word' id='word_1_283' title='bbox 1097 3334 1222 3393; x_wconf 84' lang='lat' dir='ltr'>cuiquam</span> <span class='ocrx_word' id='word_1_284' title='bbox 1233 3333 1301 3380; x_wconf 85' lang='lat' dir='ltr'>mira</span> 
     </span>
     <span class='ocr_line' id='line_1_32' title="bbox 217 3405 1201 3471; baseline 0.003 -17"><span class='ocrx_word' id='word_1_285' title='bbox 217 3405 253 3468; x_wconf 76' lang='grc'><strong>3,</strong></span> <span class='ocrx_word' id='word_1_286' title='bbox 278 3405 322 3455; x_wconf 90' lang='grc'>31.</span> <span class='ocrx_word' id='word_1_287' title='bbox 343 3406 418 3456; x_wconf 85' lang='lat' dir='ltr'>Suet.</span> <span class='ocrx_word' id='word_1_288' title='bbox 450 3406 542 3458; x_wconf 83' lang='lat' dir='ltr'>Oetav.</span> <span class='ocrx_word' id='word_1_289' title='bbox 568 3407 613 3458; x_wconf 90' lang='grc'>13.</span> <span class='ocrx_word' id='word_1_290' title='bbox 640 3414 667 3459; x_wconf 85' lang='grc' dir='ltr'>ιι</span> <span class='ocrx_word' id='word_1_291' title='bbox 693 3408 738 3458; x_wconf 81' lang='lat' dir='ltr'>ott.</span> <span class='ocrx_word' id='word_1_292' title='bbox 776 3421 808 3461; x_wconf 83' lang='lat' dir='ltr'>ae</span> <span class='ocrx_word' id='word_1_293' title='bbox 820 3413 989 3471; x_wconf 87' lang='lat' dir='ltr'>praepostera</span> <span class='ocrx_word' id='word_1_294' title='bbox 1007 3409 1089 3461; x_wconf 84' lang='lat' dir='ltr'>videri</span> <span class='ocrx_word' id='word_1_295' title='bbox 1103 3416 1201 3470; x_wconf 73' lang='lat' dir='ltr'>posset.</span> 
     </span>
    </p>
   </div>
   <div class='ocr_carea' id='block_1_6' title="bbox 108 3483 1303 3550">
    <p class='ocr_par' dir='ltr' id='par_1_6' title="bbox 108 3483 1303 3550">
     <span class='ocr_line' id='line_1_33' title="bbox 108 3483 1303 3550; baseline 0.002 -16"><span class='ocrx_word' id='word_1_296' title='bbox 108 3542 112 3549; x_wconf 43' lang='grc'><em>,</em></span> <span class='ocrx_word' id='word_1_297' title='bbox 217 3485 269 3535; x_wconf 84' lang='lat' dir='ltr'>pto</span> <span class='ocrx_word' id='word_1_298' title='bbox 291 3486 308 3534; x_wconf 91' lang='lat' dir='ltr'>i.</span> <span class='ocrx_word' id='word_1_299' title='bbox 329 3486 346 3534; x_wconf 93' lang='grc' dir='ltr'><strong>Ι.</strong></span> <span class='ocrx_word' id='word_1_300' title='bbox 377 3483 515 3536; x_wconf 85' lang='lat' dir='ltr'>Drumaun</span> <span class='ocrx_word' id='word_1_301' title='bbox 538 3484 628 3537; x_wconf 74' lang='lat' dir='ltr'>Gemit.</span> <span class='ocrx_word' id='word_1_302' title='bbox 653 3487 685 3535; x_wconf 80' lang='lat' dir='ltr'>ii.</span> <span class='ocrx_word' id='word_1_303' title='bbox 702 3487 738 3548; x_wconf 76' lang='grc'><strong>3,</strong></span> <span class='ocrx_word' id='word_1_304' title='bbox 813 3488 909 3538; x_wconf 82' lang='lat' dir='ltr'>1-t.</span> <span class='ocrx_word' id='word_1_305' title='bbox 934 3484 1057 3550; x_wconf 79' lang='lat' dir='ltr'>Raetiae]</span> <span class='ocrx_word' id='word_1_306' title='bbox 1090 3503 1103 3534; x_wconf 85' lang='grc' dir='ltr'>ιι</span> <span class='ocrx_word' id='word_1_307' title='bbox 1113 3494 1140 3540; x_wconf 88' lang='grc' dir='ltr'>ιι</span> <span class='ocrx_word' id='word_1_308' title='bbox 1164 3488 1303 3539; x_wconf 82' lang='lat' dir='ltr'>honestius</span> 
     </span>
    </p>
   </div>
   <div class='ocr_carea' id='block_1_7' title="bbox 219 3562 1305 4188">
    <p class='ocr_par' dir='ltr' id='par_1_7' title="bbox 219 3562 1305 4188">
     <span class='ocr_line' id='line_1_34' title="bbox 219 3562 1302 3634; baseline 0.002 -20"><span class='ocrx_word' id='word_1_309' title='bbox 219 3564 281 3614; x_wconf 88' lang='grc'><strong>133.</strong></span> <span class='ocrx_word' id='word_1_310' title='bbox 295 3564 427 3615; x_wconf 85' lang='lat' dir='ltr'>Licinium</span> <span class='ocrx_word' id='word_1_311' title='bbox 447 3571 526 3627; x_wconf 84' lang='lat' dir='ltr'>potita</span> <span class='ocrx_word' id='word_1_312' title='bbox 543 3568 673 3617; x_wconf 81' lang='lat' dir='ltr'>exhortari</span> <span class='ocrx_word' id='word_1_313' title='bbox 686 3573 741 3618; x_wconf 87' lang='lat' dir='ltr'>atu·</span> <span class='ocrx_word' id='word_1_314' title='bbox 777 3562 909 3634; x_wconf 64' lang='grc' dir='ltr'><strong>(ἠθικῶς)</strong></span> <span class='ocrx_word' id='word_1_315' title='bbox 924 3571 951 3617; x_wconf 87' lang='grc' dir='ltr'>ιι</span> <span class='ocrx_word' id='word_1_316' title='bbox 961 3568 1090 3617; x_wconf 75' lang='lat' dir='ltr'>reticius.»</span> <span class='ocrx_word' id='word_1_317' title='bbox 1111 3567 1149 3618; x_wconf 85' lang='lat' dir='ltr'>Ex</span> <span class='ocrx_word' id='word_1_318' title='bbox 1163 3567 1302 3628; x_wconf 76' lang='lat' dir='ltr'>frequente</span> 
     </span>
     <span class='ocr_line' id='line_1_35' title="bbox 220 3635 1304 3710; baseline 0.003 -18"><span class='ocrx_word' id='word_1_319' title='bbox 220 3643 266 3692; x_wconf 91' lang='lat' dir='ltr'>det</span> <span class='ocrx_word' id='word_1_320' title='bbox 285 3643 319 3693; x_wconf 90' lang='lat' dir='ltr'>ad</span> <span class='ocrx_word' id='word_1_321' title='bbox 340 3645 548 3695; x_wconf 84' lang='lat' dir='ltr'>moderationem</span> <span class='ocrx_word' id='word_1_322' title='bbox 577 3652 658 3708; x_wconf 84' lang='lat' dir='ltr'>atque</span> <span class='ocrx_word' id='word_1_323' title='bbox 682 3635 741 3696; x_wconf 88' lang='lat' dir='ltr'>uni·</span> <span class='ocrx_word' id='word_1_324' title='bbox 778 3647 902 3710; x_wconf 76' lang='lat' dir='ltr'>allegoria</span> <span class='ocrx_word' id='word_1_325' title='bbox 923 3648 1003 3698; x_wconf 79' lang='lat' dir='ltr'>vitam</span> <span class='ocrx_word' id='word_1_326' title='bbox 1031 3646 1172 3695; x_wconf 87' lang='lat' dir='ltr'>humanam</span> <span class='ocrx_word' id='word_1_327' title='bbox 1198 3658 1304 3706; x_wconf 85' lang='lat' dir='ltr'>eompa-</span> 
     </span>
     <span class='ocr_line' id='line_1_36' title="bbox 219 3725 1304 3788; baseline -0.003 -13"><span class='ocrx_word' id='word_1_328' title='bbox 219 3734 310 3775; x_wconf 78' lang='lat' dir='ltr'>veraae</span> <span class='ocrx_word' id='word_1_329' title='bbox 328 3725 397 3774; x_wconf 83' lang='lat' dir='ltr'>vitae</span> <span class='ocrx_word' id='word_1_330' title='bbox 421 3726 654 3787; x_wconf 83' lang='lat' dir='ltr'>aequabilitatem,</span> <span class='ocrx_word' id='word_1_331' title='bbox 680 3729 741 3788; x_wconf 82' lang='lat' dir='ltr'>ipso</span> <span class='ocrx_word' id='word_1_332' title='bbox 779 3731 820 3776; x_wconf 93' lang='lat' dir='ltr'>rat</span> <span class='ocrx_word' id='word_1_333' title='bbox 841 3739 900 3775; x_wconf 87' lang='lat' dir='ltr'>eum</span> <span class='ocrx_word' id='word_1_334' title='bbox 920 3727 1103 3788; x_wconf 77' lang='lat' dir='ltr'>navigatione,</span> <span class='ocrx_word' id='word_1_335' title='bbox 1127 3726 1228 3787; x_wconf 89' lang='lat' dir='ltr'>inqua</span> <span class='ocrx_word' id='word_1_336' title='bbox 1250 3736 1304 3773; x_wconf 92' lang='lat' dir='ltr'>non</span> 
     </span>
     <span class='ocr_line' id='line_1_37' title="bbox 219 3801 1303 3870; baseline -0.002 -18"><span class='ocrx_word' id='word_1_337' title='bbox 219 3814 327 3865; x_wconf 83' lang='lat' dir='ltr'>quoque</span> <span class='ocrx_word' id='word_1_338' title='bbox 352 3801 457 3853; x_wconf 83' lang='lat' dir='ltr'>dicendi</span> <span class='ocrx_word' id='word_1_339' title='bbox 484 3819 580 3868; x_wconf 75' lang='lat' dir='ltr'>genere</span> <span class='ocrx_word' id='word_1_340' title='bbox 606 3806 640 3855; x_wconf 90' lang='lat' dir='ltr'>ad</span> <span class='ocrx_word' id='word_1_341' title='bbox 666 3818 741 3870; x_wconf 73' lang='lat' dir='ltr'>argu-</span> <span class='ocrx_word' id='word_1_342' title='bbox 779 3805 887 3866; x_wconf 83' lang='lat' dir='ltr'>expedit</span> <span class='ocrx_word' id='word_1_343' title='bbox 906 3815 1010 3854; x_wconf 81' lang='lat' dir='ltr'>cursum</span> <span class='ocrx_word' id='word_1_344' title='bbox 1029 3816 1143 3867; x_wconf 75' lang='lat' dir='ltr'>erpere,</span> <span class='ocrx_word' id='word_1_345' title='bbox 1172 3804 1303 3864; x_wconf 85' lang='lat' dir='ltr'>pertinaci</span> 
     </span>
     <span class='ocr_line' id='line_1_38' title="bbox 220 3882 1303 3946; baseline 0 -16"><span class='ocrx_word' id='word_1_346' title='bbox 220 3887 337 3931; x_wconf 91' lang='lat' dir='ltr'>mentum</span> <span class='ocrx_word' id='word_1_347' title='bbox 356 3887 540 3945; x_wconf 88' lang='lat' dir='ltr'>attemperata.</span> <span class='ocrx_word' id='word_1_348' title='bbox 561 3910 592 3921; x_wconf 90' lang='lat'><em>-</em></span> <span class='ocrx_word' id='word_1_349' title='bbox 612 3885 742 3936; x_wconf 88' lang='lat' dir='ltr'>Diiiioiiii-</span> <span class='ocrx_word' id='word_1_350' title='bbox 779 3886 867 3936; x_wconf 86' lang='lat' dir='ltr'>studio</span> <span class='ocrx_word' id='word_1_351' title='bbox 892 3896 997 3944; x_wconf 80' lang='lat' dir='ltr'>temper</span> <span class='ocrx_word' id='word_1_352' title='bbox 1021 3884 1134 3946; x_wconf 80' lang='lat' dir='ltr'>dirigere</span> <span class='ocrx_word' id='word_1_353' title='bbox 1165 3885 1191 3932; x_wconf 89' lang='lat' dir='ltr'>ia</span> <span class='ocrx_word' id='word_1_354' title='bbox 1220 3882 1303 3933; x_wconf 89' lang='lat' dir='ltr'>aiturn</span> 
     </span>
     <span class='ocr_line' id='line_1_39' title="bbox 220 3958 1303 4026; baseline 0.003 -17"><span class='ocrx_word' id='word_1_355' title='bbox 220 3973 292 4009; x_wconf 88' lang='lat' dir='ltr'>mum</span> <span class='ocrx_word' id='word_1_356' title='bbox 314 3965 402 4011; x_wconf 86' lang='lat' dir='ltr'>autern</span> <span class='ocrx_word' id='word_1_357' title='bbox 432 3963 582 4015; x_wconf 79' lang='lat' dir='ltr'>diiudicata</span> <span class='ocrx_word' id='word_1_358' title='bbox 604 3971 663 4025; x_wconf 87' lang='lat' dir='ltr'>eat,</span> <span class='ocrx_word' id='word_1_359' title='bbox 693 3978 742 4017; x_wconf 86' lang='lat' dir='ltr'>uec</span> <span class='ocrx_word' id='word_1_360' title='bbox 779 3978 861 4022; x_wconf 87' lang='lat' dir='ltr'>mare,</span> <span class='ocrx_word' id='word_1_361' title='bbox 881 3976 969 4026; x_wconf 86' lang='lat' dir='ltr'>neque</span> <span class='ocrx_word' id='word_1_362' title='bbox 985 3975 1104 4024; x_wconf 80' lang='lat' dir='ltr'>premere</span> <span class='ocrx_word' id='word_1_363' title='bbox 1122 3958 1245 4026; x_wconf 88' lang='lat' dir='ltr'>(radere,</span> <span class='ocrx_word' id='word_1_364' title='bbox 1266 3963 1303 4012; x_wconf 88' lang='lat' dir='ltr'>ie·</span> 
     </span>
     <span class='ocr_line' id='line_1_40' title="bbox 221 4038 1305 4109; baseline 0.003 -22"><span class='ocrx_word' id='word_1_365' title='bbox 221 4038 297 4090; x_wconf 85' lang='lat' dir='ltr'>iaeiie</span> <span class='ocrx_word' id='word_1_366' title='bbox 316 4043 457 4104; x_wconf 79' lang='lat' dir='ltr'>quiequam</span> <span class='ocrx_word' id='word_1_367' title='bbox 482 4047 630 4105; x_wconf 76' lang='lat' dir='ltr'>exputarit.</span> <span class='ocrx_word' id='word_1_368' title='bbox 652 4052 741 4096; x_wconf 87' lang='lat' dir='ltr'>utrum</span> <span class='ocrx_word' id='word_1_369' title='bbox 779 4038 850 4109; x_wconf 77' lang='lat' dir='ltr'>gere)</span> <span class='ocrx_word' id='word_1_370' title='bbox 879 4042 939 4091; x_wconf 90' lang='lat' dir='ltr'>iitus</span> <span class='ocrx_word' id='word_1_371' title='bbox 967 4042 1103 4105; x_wconf 71' lang='lat' dir='ltr'>iniquum,</span> <span class='ocrx_word' id='word_1_372' title='bbox 1131 4041 1201 4089; x_wconf 85' lang='lat' dir='ltr'>mota</span> <span class='ocrx_word' id='word_1_373' title='bbox 1224 4042 1305 4105; x_wconf 73' lang='lat' dir='ltr'>fidum</span> 
     </span>
     <span class='ocr_line' id='line_1_41' title="bbox 221 4116 1305 4188; baseline 0.002 -20"><span class='ocrx_word' id='word_1_374' title='bbox 221 4117 332 4168; x_wconf 83' lang='lat' dir='ltr'>Horatio</span> <span class='ocrx_word' id='word_1_375' title='bbox 358 4122 493 4174; x_wconf 87' lang='lat' dir='ltr'>auiieoerit</span> <span class='ocrx_word' id='word_1_376' title='bbox 511 4124 630 4174; x_wconf 84' lang='lat' dir='ltr'>Stoicum</span> <span class='ocrx_word' id='word_1_377' title='bbox 654 4125 741 4175; x_wconf 85' lang='lat' dir='ltr'>iocum</span> <span class='ocrx_word' id='word_1_378' title='bbox 779 4120 862 4188; x_wconf 71' lang='lat' dir='ltr'>(virg.</span> <span class='ocrx_word' id='word_1_379' title='bbox 888 4120 956 4172; x_wconf 83' lang='grc' dir='ltr'><strong>Αιιι.</strong></span> <span class='ocrx_word' id='word_1_380' title='bbox 976 4122 1010 4181; x_wconf 77' lang='grc'><strong>3,</strong></span> <span class='ocrx_word' id='word_1_381' title='bbox 1031 4116 1088 4184; x_wconf 77' lang='grc'><strong>33.)</strong></span> <span class='ocrx_word' id='word_1_382' title='bbox 1111 4126 1220 4180; x_wconf 88' lang='lat' dir='ltr'>propter</span> <span class='ocrx_word' id='word_1_383' title='bbox 1239 4119 1305 4171; x_wconf 85' lang='lat' dir='ltr'>rada</span> 
     </span>
    </p>
   </div>
   <div class='ocr_carea' id='block_1_8' title="bbox 0 0 1491 4810">
    <p class='ocr_par' dir='ltr' id='par_1_8' title="bbox 0 0 1491 4810">
     <span class='ocr_line' id='line_1_42' title="bbox 0 0 1491 4810; baseline 0 0"><span class='ocrx_word' id='word_1_384' title='bbox 0 0 1491 4810; x_wconf 95' lang='lat' dir='ltr'> </span> 
     </span>
    </p>
   </div>
  </div>
 </body>
</html>
