2944 4808
593 377 659 426 LlB.
679 377 726 426 iv.
765 377 794 426 G.
815 376 847 424 V.

256 537 368 606 Corvo
392 557 454 604 nec
477 539 595 602 faeiem
618 539 717 601 litore
739 536 903 615 dimovet3

254 657 313 728 Sic
336 660 512 725 desiderils
534 662 600 724 ieta
625 659 776 722 fidelibus

338 780 478 862 Quaerit
501 783 609 865 patrie
633 777 821 846 Caesarem.

257 939 364 1005 'l'utus
387 922 448 1005 iios
470 941 591 1004 etenim
614 957 692 1002 rura
716 939 940 1022 perambulet,

253 1061 367 1127 Nulrlt
388 1080 467 1125 rure
489 1059 595 1125 Cerea
616 1062 768 1145 almaque
790 1060 980 1143 Faustitas,

253 1182 415 1248 Pacatum
439 1183 584 1245 volitant
607 1201 668 1265 per
690 1199 780 1245 mure
805 1183 960 1264 navitae,

337 1304 474 1388 Culpari
496 1306 612 1366 metuit
635 1301 759 1387 Fides3

253 1453 362 1519 Nullis
385 1453 545 1537 polluitur
567 1456 662 1516 caeto
685 1451 802 1514 ‹lomua
823 1452 968 1535 stupris,

222 1602 265 1652 td.
286 1602 406 1650 monet
424 1600 462 1659 T,
482 1604 544 1651 itern
564 1601 590 1650 S¹
612 1600 658 1650 sad
678 1611 810 1661 euperem.
830 1600 849 1646 i.
889 1597 957 1647 Tum
979 1598 1034 1649 iet
1053 1603 1079 1648 et
1097 1598 1184 1650 Bentl.
1211 1596 1256 1662 (Ut

167 1686 234 1732 noe,
254 1669 330 1735 Biia.)
350 1697 383 1708 -
406 1671 449 1720 17.
467 1678 551 1733 prata
566 1670 736 1733 perambulat
754 1668 886 1730 Tanaquil
910 1668 1004 1719 Faber.
1033 1695 1062 1706 -
1101 1668 1144 1718 18.
1164 1669 1254 1720 Nutrit

165 1746 246 1808 {arra
262 1743 503 1802 Bentleiuseonl„
523 1742 613 1792 Nutiit
631 1740 702 1789 eulte
721 1739 939 1803 Cuninghamiue.

165 1884 245 1952 appel
259 1879 332 1949 ἁλὸς
350 1882 445 1949 χύσις,
465 1880 544 1937 ὅσσα
558 1901 588 1936 τε
598 1881 692 1935 κύκλα
728 1886 817 1946 pratia
837 1889 918 1932 vacat
942 1885 1109 1950 atiniacum
1126 1885 1190 1933 love
1206 1899 1255 1947 pa-

165 1965 286 2031 Μηνῶν·
306 1959 499 2035 ἀκροτάτοισι
517 1963 539 2013 d'
554 1963 691 2028 ἐπεμβαί-
727 1976 786 2026 pus.
807 1963 957 2012 Pastlonem
980 1969 1070 2014 autent
1093 1964 1119 2012 h.
1137 1965 1153 2013 i.
1176 1967 1254 2027 tigni·

165 2059 263 2094 νουσα
274 2041 691 2114 θαλάσσηςΚιῐμασιόακρυό-
728 2042 790 2091 ilaat
809 2038 919 2104 (namin
940 2042 988 2091 hae
1005 2042 1141 2093 dundaxat
1162 2044 1209 2093 ltoe
1224 2045 1254 2093 li·

164 2138 259 2173 εσσαν
286 2121 332 2172 ἐπὶ
363 2121 461 2186 στόμα
492 2123 586 2194 γῆρυν
610 2122 688 2187 ipat,
729 2121 791 2170 llere
815 2133 913 2182 pascua
926 2122 1091 2181 perambulat
1106 2119 1125 2187 ς)
1149 2127 1175 2172 in
1195 2134 1252 2172 ara·

165 2198 306 2251 Σιιεύὸειν
318 2199 490 2264 λισσομένη,
509 2203 560 2250 και,
572 2217 623 2266 μιν
640 2199 691 2249 uo'·
727 2203 809 2257 tione‚
831 2213 899 2262 quae
919 2215 942 2250 v.
959 2214 1015 2262 eeu.
1033 2205 1194 2261 continetur,
1206 2207 1252 2251 sti-

162 2279 212 2341 δες
231 2275 288 2329 οὐκ
306 2272 348 2328 ἔτ’
369 2273 624 2344 ὀιιὶσσωἹεμένην
636 2295 690 2340 φο·
728 2279 805 2328 mulis
819 2279 913 2328 durum
933 2279 965 2328 ad
985 2280 1101 2329 laborem
1118 2283 1251 2331 inaltatur.

163 2360 297 2427 ρέσυσιν,
311 2351 374 2418 ἔχοι
386 2356 409 2406 δ’
426 2355 472 2406 e'ul
487 2357 596 2407 πόντον
614 2353 690 2407 duo·
726 2359 832 2417 Noiavi,
853 2362 914 2421 quia
938 2360 1057 2408 nonnulli
1072 2373 1095 2408 v.
1114 2360 1253 2420 peremtu-

163 2433 232 2498 σάς.
259 2436 383 2486 Ceterum
395 2435 579 2503 Bernhardyus
594 2443 620 2485 et
636 2436 690 2484 ilii-
726 2438 783 2485 lare
801 2437 833 2487 de
859 2441 977 2487 aratione
995 2440 1159 2498 interpretati
1179 2446 1249 2490 sunt.

108 2549 111 2559 .
163 2510 307 2577 lenburger
352 2515 506 2575 praeierunt
551 2516 687 2572 demovet;
761 2516 882 2565 18-20.
912 2516 1003 2565 Nutrii
1027 2516 1104 2580 rura]
1134 2519 1251 2572 «fertilia

162 2593 248 2656 Regel
268 2607 309 2644 me
327 2592 549 2656 meosquecmid.
568 2594 632 2643 Bbe.
649 2607 690 2643 se·
726 2594 842 2646 reddit.»
875 2596 955 2647 Silius
974 2597 1023 2656 ia,
1044 2596 1111 2647 375:
1138 2612 1251 2648 area·-

161 2679 241 2723 cutus
262 2674 385 2722 dimovet.
727 2675 826 2723 Cereris
844 2677 953 2725 nutrita
971 2675 1074 2738 favore.
1106 2678 1180 2727 luter
1198 2681 1251 2729 Au·

198 2752 243 2800 15.
274 2749 340 2814 iota]
373 2766 532 2814 «pereussa,
562 2753 688 2802 allecta.»
725 2757 793 2817 gusti
821 2768 943 2804 nummos
974 2755 1015 2804 irie
1050 2770 1157 2819 quoque
1186 2765 1248 2808 est:

160 2830 343 2891 Frequentius
366 2832 398 2881 de
423 2832 579 2889 doloribut,
604 2836 687 2886 meto,
725 2833 799 2881 ΙΜΡ,
821 2833 961 2883 CAESAR.
981 2826 1170 2885 litiisris.
1191 2834 1252 2899 (Ca-

160 2910 253 2966 iuetu;
269 2915 354 2961 tamen
370 2915 449 2962 etiarn
458 2913 565 2962 Lueret.
580 2912 607 2970 2,
618 2910 685 2959 360:
724 2908 778 2974 put‘
790 2911 912 2975 aridum.)
932 2913 1005 2961 COL.
1027 2914 1095 2962 WL.
1116 2914 1249 2979 (Berytus.

159 2988 302 3039 desideriis
316 2992 433 3056 perpera.
457 2991 580 3055 Aesenyl
594 2989 686 3052 agam.
726 2992 839 3041 Colauus
858 2991 963 3054 arone.)
984 2993 1082 3043 Eelrhei
1103 2994 1135 3041 i).
1150 2996 1182 3043 Ν.
1203 2996 1248 3045 Vl.

157 3068 232 3117 ὅσοι
253 3070 345 3139 ἱμέρῳ
364 3070 576 3136 πεπληγμένος.
726 3083 751 3131 p.
768 3069 829 3119 1³2.
854 3096 884 3105 -
905 3069 1057 3133 Faustitas]
1077 3072 1160 3123 Nobis
1179 3087 1250 3125 nune

195 3148 242 3196 17.
274 3160 342 3196 rura
358 3147 534 3211 perambulat]
562 3148 688 3198 Consulto
725 3144 804 3211 ἅιιαξ
821 3147 990 3215 λεγόμενον.
1028 3150 1112 3200 Deam
1143 3166 1249 3217 gregum

156 3230 319 3277 immoratur
341 3230 457 3277 iniuria
485 3223 511 3278 et
530 3231 642 3291 imagine
663 3234 689 3277 et
726 3228 873 3289 praesidem
905 3228 1096 3290 interpretatur
1128 3230 1251 3282 Foreeili-

156 3309 288 3363 nomine;
309 3319 369 3356 nam
392 3320 441 3366 ope
460 3310 502 3359 rei
524 3310 637 3357 rusticae
663 3313 689 3356 et
725 3320 785 3356 nus.
807 3307 859 3356 Sed
879 3308 1075 3358 matusahel:
1097 3311 1185 3360 «Nove
1202 3312 1249 3363 Fe-

156 3395 287 3437 etrenuae
321 3387 515 3448 agriculturae,
544 3400 593 3449 per
620 3387 688 3437 bella
724 3390 810 3438 licitae
829 3387 941 3437 dietat»
962 3392 1184 3441 omniumrerum
1205 3393 1251 3442 ab«

86 3524 92 3533 ι
154 3467 249 3516 civilia
269 3473 295 3514 et
314 3467 479 3516 intermissae
498 3472 524 3517 et
539 3469 609 3519 varie
630 3478 688 3526 per·
726 3468 863 3516 undantia.
896 3466 984 3516 Germ.
1006 3468 1066 3518 See.
1086 3469 1138 3518 ὅθι
1171 3470 1250 3520 beata

154 3545 304 3602 turbatae,
330 3555 360 3594 ex
380 3551 468 3595 mente
489 3546 600 3608 Augusti
627 3550 687 3595 ante
721 3548 802 3607 pleno
822 3545 903 3607 Copia
919 3559 1011 3596 aarum
1027 3572 1058 3581 -
1077 3548 1184 3598 Novitas
1202 3563 1250 3599 au·

154 3627 251 3674 omnia
275 3624 403 3673 firmanda
427 3630 483 3675 erat
505 3624 688 3686 reipublicae
726 3631 777 3675 tem
792 3624 905 3683 videtur,
927 3624 999 3686 quod
1018 3625 1195 3677 Faustitatem
1211 3630 1249 3679 dl-

152 3705 243 3761 ealus,
294 3703 364 3752 lline
383 3710 454 3766 grata
475 3705 517 3753 ilia
543 3707 687 3765 repetitio,
725 3709 762 3754 xit
780 3717 828 3765 pro
858 3701 958 3752 Fausta
988 3703 1144 3763 Felicitate,
1173 3710 1248 3759 auiae

152 3796 238 3846 quarn
259 3784 339 3832 variis
359 3783 454 3842 modis,
474 3784 520 3833 sed
537 3783 686 3841 infeliciter,
725 3785 850 3833 sollemne
863 3788 993 3833 memorat
1006 3784 1119 3834 Kalend.
1134 3786 1248 3837 Amiter-

150 3863 265 3913 amoiiri
286 3866 372 3911 eonati
397 3869 460 3912 eunt
478 3863 586 3922 Critiei,
606 3864 687 3913 veluti
725 3867 828 3913 ninum.
848 3862 930 3910 lnser.
952 3875 987 3910 m.
1008 3863 1066 3911 Lat.
1086 3863 1122 3911 ii.
1142 3877 1168 3925 p.
1179 3865 1246 3916 «iii.

151 3945 203 4003 qui
245 3943 364 3991 coniecit
400 3948 461 3990 tuta
499 3942 686 4003 perambulet,
725 3969 756 3977 -
777 3941 916 4000 Pacatum]
935 3954 949 3990 a
969 3944 1071 4002 piratis.
1091 3942 1165 3992 Srret.
1186 3943 1245 3995 Oet.

149 4022 229 4071 aulta
250 4019 479 4083 Cuningitamius3
510 4021 596 4070 Faber
622 4036 687 4083 pra·
723 4021 773 4070 98:
808 4019 927 4068 Vettones
950 4026 1099 4085 nautaeque
1127 4022 1158 4070 de
1183 4026 1250 4074 navi

147 4106 179 4149 ta
199 4109 361 4161 proponens
387 4112 488 4148 memor
512 4099 592 4149 luisse
615 4100 688 4151 ride·
723 4098 907 4148 Alexandrina
918 4098 1039 4163 Auputto
1051 4101 1246 4163 acclamarunt,

147 4187 195 4228 tur
221 4177 280 4227 od.
313 4175 345 4235 3,
369 4176 418 4230 18,
446 4179 501 4226 11:
542 4176 631 4227 Festus
659 4181 688 4227 in
720 4179 1007 4241 periliumeeaiuere,
1022 4180 1161 4241 perillum
1171 4183 1249 4231 nani·

196 4295 286 4334 iiam.
303 4305 343 4332 nar.
364 4293 379 4329 l.
408 4307 439 4333 rr».
454 4307 498 4334 mr.
515 4294 538 4333 ii.
997 4268 1036 4329 35
