2908 4796
191 336 270 407 (543
585 334 731 389 aoaarn
752 334 894 385 aronon

318 498 415 565 Licet
437 497 604 582 superbus
625 495 774 579 ambules
797 496 956 580 pecunia,

358 619 509 685 Fortuna
532 636 598 683 non
622 621 727 683 mutat
749 636 868 705 genus.

313 740 481 819 Videsne,
502 735 642 808 Sacram
666 740 823 804 metiente
845 742 879 802 te
902 739 989 802 viam

357 862 438 930 Cum
461 862 513 928 bis
535 862 633 926 trium
655 862 805 924 ulnarum
829 864 930 947 toga,

313 983 360 1050 Ut
383 1003 442 1048 ora
465 987 577 1048 vertat
601 982 664 1048 true
687 985 721 1046 et
744 981 808 1047 hue
831 983 977 1046 euntium

240 1164 264 1211 8.
287 1162 325 1210 11ι
344 1161 425 1210 trium
444 1160 476 1210 de
502 1160 602 1210 Burihii
622 1161 691 1209 eoni-
718 1157 858 1208 iiantieius
878 1163 904 1208 at
922 1156 1084 1211 Meinacire:
1107 1160 1146 1210 tis
1167 1169 1206 1212 ιον
1225 1163 1274 1213 bs.

188 1246 246 1282 oum
266 1230 351 1281 Codd.
371 1237 449 1282 antea
473 1232 542 1281 uotis
570 1233 597 1280 et
623 1229 708 1286 LotF;
748 1241 838 1280 rerum
857 1230 884 1278 in
909 1227 994 1280 codd.
1016 1229 1047 1279 Β,
1069 1235 1096 1281 et
1114 1243 1137 1281 e.
1157 1240 1196 1282 est
1215 1235 1273 1284 sie:

187 1297 271 1363 roff.
291 1311 426 1361 ulnarum.

189 1447 245 1498 iera
267 1445 401 1509 proverbii
422 1446 480 1497 iooo
501 1446 641 1514 iamuuoud
659 1445 713 1497 ilo·
746 1444 847 1506 parom
859 1444 959 1495 incedis
969 1444 1051 1494 maio·
1072 1444 1274 1508 Claudian.18,

188 1539 302 1577 merum.
332 1525 410 1576 liiad.
427 1543 462 1588 χ,
481 1524 552 1575 263:
572 1519 713 1577 011111-
750 1522 818 1574 305:
839 1531 923 1574 orento
937 1529 1044 1591 pectora
1055 1523 1273 1576 11111111ιὸ1111.

189 1621 238 1657 κοι
255 1620 286 1656 τε
303 1606 355 1655 καὶ
373 1599 461 1675 ἄρνες
479 1599 641 1675 ὁμόφρονα
662 1602 713 1654 ttu-
750 1603 861 1653 Lucian·
883 1601 983 1666 Catani.
1006 1603 1058 1654 16:
1086 1606 1137 1656 nat
1158 1603 1276 1669 σεμνῶς

187 1681 248 1747 μὸν
276 1677 416 1745 ἔχουσιν,
441 1679 520 1734 Ἀλλὰ
539 1679 617 1733 κακὰ
639 1696 713 1752 φρο·
749 1682 920 1753 προβαίνων
938 1683 989 1734 καὶ
1008 1681 1117 1737 ἑαυτὸν
1141 1679 1275 1747 ἐξυπτιά-

188 1764 291 1813 aiones
308 1759 465 1832 διαμπερὲς
482 1758 664 1827 ἀλλήλοισιν.
678 1784 710 1794 -
749 1762 814 1824 ζων.
839 1785 865 1796 -
885 1757 986 1826 qenas]
1015 1760 1043 1811 h.
1066 1761 1083 1811 Ι.
1107 1761 1198 1812 sordes
1218 1774 1275 1812 ser-

189 1840 296 1901 sorn‘to]
316 1845 407 1891 «sorte
428 1841 484 1892 sira
505 1840 562 1903 iege
575 1844 655 1902 atque
673 1841 713 1888 iu·
749 1839 824 1891 vites.
857 1864 888 1875 -
916 1837 1173 1904 Sacram-siam]
1202 1853 1274 1902 nuno

190 1922 289 1971 stinotu
310 1927 456 1972 naturae.»
484 1946 514 1957 -
535 1915 712 1981 Hiteriairla
749 1918 783 1970 ad
811 1919 970 1981 Capitolium
1001 1918 1093 1980 duait,
1127 1922 1275 1972 otiosorum

190 2005 278 2063 sparto
292 1997 489 2065 (Piriemqrer)
514 2001 608 2058 tortis,
637 2002 712 2050 onius
750 1999 829 2051 turbs
848 1998 1030 2050 celeberrima.
1056 2025 1088 2036 -
1113 1998 1153 2049 tis
1177 1997 1274 2064 triam]

189 2083 391 2143 magnaestiu
413 2080 648 2142 massanensis.
674 2077 712 2127 Ex
751 2076 818 2128 Cum
845 2079 995 2131 inauditum
1022 2081 1056 2129 sit
1075 2083 1103 2130 et
1131 2084 1277 2130 eonsuetu-

190 2160 241 2210 hoo
255 2165 349 2212 autem
368 2165 474 2221 sparto,
496 2157 579 2209 herba
601 2158 713 2208 teuaeis·
750 2157 806 2208 diui
835 2159 947 2211 Latinae
978 2170 1085 2222 prorsus
1109 2162 1275 2210 eontrarium

189 2242 274 2298 aima,
301 2239 511 2291 conficiebantur
531 2236 658 2288 rudentes
681 2246 713 2286 au
752 2237 791 2287 tis
812 2242 852 2287 tar
870 2251 918 2300 pro
936 2239 976 2288 tir
991 2245 1064 2300 tras,
1083 2245 1145 2301 post
1166 2238 1275 2291 Bestia·

189 2319 284 2373 tunes.
323 2319 420 2382 ouibus
450 2322 490 2369 uti
522 2323 645 2381 poterant
679 2314 713 2366 sd
753 2320 809 2367 ium
823 2322 851 2368 et
867 2317 1049 2369 Maineeirium
1065 2321 1154 2381 ramni
1170 2320 1276 2372 Barthii

189 2399 354 2462 castigandos
380 2400 546 2458 classiarios,
590 2404 621 2448 ut
655 2396 714 2448 ritt-
752 2399 931 2448 coniecturum
944 2397 1089 2447 turrium.
1114 2398 1214 2450 Vitium
1233 2403 1277 2451 in-

190 2476 238 2528 bus
270 2481 440 2530 centuriones
470 2477 618 2530 eaedebant
646 2474 714 2525 miii·
752 2477 786 2527 de
805 2482 892 2527 ortum
907 2490 964 2527 esse
977 2478 1092 2538 ridetur,
1116 2480 1191 2541 quod
1209 2484 1274 2532 sori·

189 2563 238 2608 tes.
263 2583 294 2593 -
322 2558 479 2617 Laterium,
500 2560 546 2620 qui
570 2556 637 2607 inibi
663 2558 712 2613 ast,
752 2556 851 2607 bebsnt
867 2556 907 2605 tta
923 2556 999 2616 111.,·
1022 2564 1178 2618 pernotum
1200 2566 1273 2613 carta

190 2637 344 2687 ottonibus
362 2649 495 2688 conanus
514 2635 637 2689 verberet
658 2646 712 2684 ser·
751 2639 878 2697 sennium
896 2641 938 2686 ast
956 2638 984 2686 in
1002 2635 1087 2686 Codri.
1103 2640 1171 2689 meis
1190 2640 1221 2690 B.
1245 2647 1274 2691 et

190 2729 251 2768 rum
288 2717 439 2775 comicum,
476 2714 558 2767 habas
588 2716 616 2764 in
640 2713 711 2765 Mus.
750 2728 783 2765 e:
803 2715 851 2766 tir.
865 2720 886 2765 t.
906 2727 967 2765 eum
981 2716 1087 2768 iiueoia.
1107 2717 1273 2772 8111111111-

190 2794 307 2845 Borbou.
322 2793 369 2845 iv.
390 2794 423 2843 T.
435 2793 480 2843 11.
496 2819 527 2830 -
537 2789 653 2856 peruste]
678 2792 712 2843 de
750 2807 883 2846 merorum
916 2794 1124 2869 παραφράσεις
1154 2803 1272 2862 poeticas

189 2873 327 2926 doloribus
349 2873 455 2926 aeribus
484 2874 666 2938 flageiiationis
685 2875 712 2921 et
750 2874 789 2924 tir
815 2887 881 2929 seo,
914 2881 958 2926 ter
984 2877 1201 2941 quinquaqinta,
1232 2887 1275 2933 tar

189 2955 349 3014 comoedum
385 2957 509 3017 notisque
533 2953 619 3006 lividis
647 2952 711 3004 iuda
748 2954 829 3005 denos
848 2959 899 3005 eet
925 2954 1067 3018 diiigenter
1087 2957 1193 3021 eoiieqit
1216 2960 1273 3011 un-

189 3033 400 3085 remanentibus.
432 3032 709 3096 upp.1,1n,i7=
749 3032 890 3098 ieuburgar
908 3046 935 3095 u.
956 3035 1019 3086 108.
1061 3036 1160 3088 Verum
1184 3051 1273 3101 nuper

188 3112 264 3162 Loris
285 3126 340 3162 non
359 3115 466 3170 ureris,
488 3115 585 3176 inquii.
614 3112 709 3164 Catuli.
750 3114 877 3175 quinam,
911 3114 953 3167 rei
980 3120 1089 3177 propter
1110 3119 1272 3179 imperitiam

189 3192 234 3252 25,
249 3193 301 3242 10:
320 3195 411 3244 inusto
431 3192 552 3259 qiaqsita.
583 3192 638 3245 Nos
659 3192 710 3243 sita
748 3193 791 3244 vei
828 3206 876 3255 per
906 3195 995 3244 ionum
1034 3196 1071 3244 ita
1108 3197 1270 3261 expiiearit:

188 3273 342 3334 instantiora
350 3273 457 3338 qaam,
467 3271 709 3343 Graeoirir'qew·-
749 3272 810 3322 oie
832 3273 958 3322 ainornm
988 3275 1120 3337 signifieat
1154 3278 1272 3330 latitudi-

188 3349 269 3412 dnro]
295 3352 397 3405 Eodem
419 3351 545 3421 ἐπιθέτῳ
563 3354 647 3402 utitur
664 3351 711 3400 Ti·
748 3364 826 3411 nem,
846 3356 886 3402 ter
897 3351 1023 3402 danum
1047 3354 1270 3418 iongitudinem.»

189 3430 320 3488 1111111,
339 3432 372 3489 7,
386 3430 438 3480 tu:
459 3431 546 3480 Crura
567 3431 626 3480 tinet
639 3431 711 3480 doro
748 3430 828 3492 Quod
849 3435 938 3481 autern
958 3430 1123 3497 Porphyrion
1144 3436 1218 3486 adh.
1238 3439 1269 3500 1.,

187 3511 307 3570 compede
319 3511 513 3571 panormam.
523 3536 555 3546 -
577 3510 651 3572 «Qui
664 3511 710 3560 ha·
748 3510 838 3561 Seirai.
849 3509 933 3560 Persii
943 3510 969 3570 5,
982 3511 1039 3572 id„
1050 3512 1169 3565 isidorus
1178 3515 1266 3580 origg.
1347 3560 1356 3579 ,

188 3589 270 3640 haisti
292 3603 368 3641 crura
391 3593 539 3642 ererueinta
563 3590 709 3653 compede»
748 3588 846 3650 rami.
868 3602 921 3639 uno
935 3602 981 3641 ore
994 3592 1103 3643 tradunt
1118 3607 1270 3647 mensuram

187 3669 318 3721 adnotans
332 3669 436 3720 Comm.
456 3670 540 3733 Gruq.
564 3675 636 3720 reete
658 3670 710 3719 riis·
747 3677 823 3733 togae
843 3672 928 3721 iustae
957 3682 1002 3720 ser
1022 3671 1144 3723 ulnarum
1174 3674 1268 3736 tuisse,

188 3750 265 3801 soirit
278 3762 397 3813 zeugma.
416 3775 447 3785 -
471 3748 520 3813 (De
533 3763 584 3799 usu
603 3752 709 3810 poetico
747 3750 807 3802 ride
829 3761 863 3800 ne
886 3763 917 3799 ex
938 3748 989 3800 troo
1005 3752 1062 3811 ipso
1084 3753 1188 3803 Horatii
1211 3755 1269 3807 loeo

187 3843 262 3880 num.
284 3830 424 3893 singularis
447 3831 594 3891 compedis,
609 3842 709 3891 sompe-
747 3841 841 3890 parurn
854 3827 989 3879 intelieeto
998 3817 1140 3892 repetitum
1150 3835 1193 3891 stt,
1208 3846 1269 3884 eum

187 3910 256 3964 dem,
273 3910 396 3972 compede
413 3924 438 3959 v.
456 3910 533 3959 Kdue
551 3909 627 3958 iiim.
646 3910 707 3970 Epi-
747 3908 888 3963 manifesto
913 3908 957 3957 irie
978 3909 1132 3973 designetur
1148 3917 1208 3977 toga
1229 3915 1270 3962 in·

187 3987 270 4047 terp.
286 3985 360 4053 111.)
747 3989 841 4039 soiitos
870 4000 1031 4047 mensurae,
1067 4003 1136 4052 quae
1161 4001 1271 4054 propter

222 4066 313 4115 5-8.
335 4065 462 4130 amintes]
488 4068 521 4119 de
539 4070 645 4119 incessu
664 4081 708 4118 su·
746 4068 938 4131 longitudinem
949 4067 982 4119 ud
992 4071 1061 4118 imos
1072 4071 1140 4122 taios
1154 4072 1269 4124 demissa

187 4144 281 4206 aerbo,
302 4152 331 4194 ιιι
353 4147 439 4207 upon.
456 4148 502 4203 11,
525 4147 574 4197 18:
594 4160 653 4197 meo
666 4160 707 4198 sa·
745 4147 873 4197 metiatur
891 4149 971 4207 riam,
985 4147 1075 4208 idest,
1091 4162 1149 4201 eam
1163 4163 1272 4213 semper
