2930 4810
159 302 163 311 ’
205 333 286 400 204
393 330 543 383 uousru
562 330 837 384 etiamnullum.
858 334 880 383 r.
902 334 931 384 c.
952 331 1102 384 xxxvm.

332 446 483 577 Simplici
505 456 615 597 myrta
636 491 718 558 nlhil
739 492 909 560 allatores

334 610 481 683 Sedulus
502 632 604 681 curo:
626 633 734 701 neque
756 618 790 681 te
813 617 995 681 ministrum
1044 702 1047 709 Ι

334 738 486 805 Dedecet
508 739 638 824 myrtus
659 756 769 824 neque
790 756 841 802 me
864 738 926 805 sub
948 742 1024 831 arta
1050 742 1056 775 ³

417 859 495 926 Vite
518 859 694 925 bibentem.

260 1039 287 1089 θ.
308 1051 375 1090 eura
393 1037 479 1089 Bentl.
504 1040 591 1097 conl,
610 1050 722 1089 essese
742 1035 808 1089 Gall.
827 1034 975 1089 Bodleiano
995 1035 1127 1102 Cantngh.
1148 1045 1175 1089 et
1191 1038 1254 1088 zell.

208 1205 255 1256 sed
286 1200 481 1255 auctumnaleur
508 1201 550 1253 vel
579 1202 728 1252 hibernam.
769 1201 810 1251 lus
831 1214 911 1251 ennae
932 1203 1159 1261 interpretanturs
1191 1200 1290 1252 «sedu-

209 1285 254 1334 Sle
274 1284 409 1334 Lucienus
427 1281 531 1345 Nigrim.
548 1278 577 1344 3.
598 1281 642 1331 31.
659 1279 731 1345 τούς
769 1281 810 1331 lua
832 1282 950 1342 lusura,
972 1280 1065 1330 sedule
1082 1292 1207 1330 curans.»
1238 1276 1292 1343 (Se-

208 1357 306 1434 ῥόὸων
323 1359 422 1414 αὐτῶν
448 1361 498 1412 καὶ
523 1358 603 1430 παρὰ
624 1357 731 1430 καιρὸν
768 1361 867 1420 dulus,
901 1375 966 1413 eura
995 1360 1179 1422 imperativus,
1203 1358 1290 1411 Beati.

208 1437 396 1510 ἀγαπῶντας.
436 1440 550 1492 Pacatus
578 1442 606 1490 lu
630 1440 729 1503 Paneg.
769 1440 876 1489 sedulus
896 1453 965 1489 eura
980 1440 1088 1491 ablatlv.
1113 1439 1200 1490 Klotz.
1237 1438 1290 1489 Cir.

210 1522 313 1572 Theod.
327 1521 376 1570 lle:
397 1520 514 1570 Delicats'
532 1520 576 1570 tlte·
597 1533 628 1570 aa
650 1518 732 1586 flues·
768 1533 850 1569 enree
869 1520 1026 1581 probantem
1046 1520 1112 1572 Voss
1130 1518 1292 1571 Anmerltnn·

210 1609 249 1652 tes
265 1599 504 1662 parnmselamtes
519 1598 732 1662 putabant‚ntsi
768 1611 820 1662 pen
839 1598 897 1648 und
914 1597 1107 1664 liundplessen.
1143 1612 1203 1662 pag.
1229 1596 1290 1647 25³.

208 1680 321 1730 luxurie
360 1680 483 1728 vertisset
523 1692 641 1732 annum,
678 1679 732 1727 nist
768 1679 849 1727 «Ore
866 1682 967 1740 optime
988 1679 1070 1732 habet
1094 1679 1160 1729 Ced.
1188 1678 1290 1730 Petrlu.

209 1757 535 1820 hibernaepuenltsrosee
554 1759 730 1808 innatassent.
768 1761 826 1809 sine
844 1758 898 1809 ulla
926 1759 1037 1810 litura.»
1076 1759 1239 1811 iteraremus
1264 1759 1291 1808 in

243 1838 270 1888 5.
290 1835 434 1902 alluderes]
453 1844 499 1888 «ut
512 1844 649 1900 praeterea
659 1837 732 1891 labe·
770 1838 848 1888 Curis
861 1840 959 1889 noviss.
987 1838 1040 1890 Sed
1053 1838 1158 1888 sedulus
1172 1850 1219 1886 ere
1237 1850 1292 1887 rue·

119 1920 126 1943 ¹
208 1917 525 1980 remullurueuseipias.»
553 1919 732 1970 Hennaeus
770 1923 814 1967 tre
829 1923 970 1981 repugnat.
1004 1917 1059 1968 Cir.
1079 1918 1159 1967 etlam
1186 1914 1293 1968 Goeller

212 2002 254 2051 est
273 2011 337 2049 usus
358 1998 486 2049 Heratlus
505 1998 532 2047 h.
556 1997 574 2046 l.
600 2002 628 2048 et
643 1997 730 2058 Epod.
770 1997 803 2048 ad
819 1997 906 2048 Plauti
921 1997 1001 2047 Tria.
1024 2010 1051 2058 p.
1070 1993 1128 2060 69.)

210 2075 237 2138 8,
260 2077 304 2127 20.
343 2078 421 2129 «Noli
446 2079 526 2129 ulmis
544 2077 638 2129 sedule
660 2091 733 2129 rosas
804 2077 831 2128 7.
859 2090 944 2140 neque
960 2074 1011 2140 ms]
1029 2074 1293 2136 «hamtuemelmpll-

210 2158 392 2220 superaddere
416 2164 514 2223 myrto-
530 2170 636 2219 semper
654 2158 732 2209 vlrldl
771 2171 829 2210 sem
849 2172 938 2220 neque
961 2158 1098 2219 opulentis
1117 2158 1293 2209 adnumeran-

209 2249 241 2288 ae
259 2246 402 2300 prepterea
429 2250 537 2298 semper
561 2237 638 2288 lacile
659 2239 733 2288 lnve-
771 2238 863 2288 dum.»
876 2261 905 2273 -
926 2239 974 2288 seb
987 2234 1062 2300 artu]
1086 2237 1188 2298 densa,
1209 2237 1294 2296 spissa

211 2317 335 2368 alendae.
358 2318 418 2369 Nau
438 2329 516 2376 sere,
538 2317 600 2367 ueta
621 2317 674 2367 hee
695 2316 734 2369 la·
770 2317 873 2369 trlelrlla
894 2320 949 2370 sire
968 2317 1095 2381 pergula,
1121 2309 1292 2383 ὑπαμπὲλῳ,

208 2399 294 2448 eise.»
319 2397 393 2449 Haec
405 2410 468 2450 vera
480 2401 522 2449 est
539 2395 638 2456 leetle;
656 2397 733 2446 sede·
770 2397 867 2448 rltlbus
882 2401 952 2449 teuta
969 2403 1051 2461 atque
1076 2396 1138 2448 ideo
1157 2395 1291 2447 umbrosa.
