2936 4804
221 367 304 437 570
584 372 730 423 uenturi
751 371 938 425 eannmuu

393 528 548 615 Ceaeque
571 535 606 596 et
627 531 748 597 Aicaei
770 534 916 598 minaces

433 648 687 755 Stesichorique
708 671 835 741 graves
856 652 1036 736 Camenam

295 841 298 846 ·
347 809 435 893 Nec,
457 812 487 875 si
509 809 587 895 quid
610 812 685 874 oiim
707 812 787 874 insit
809 807 1009 892 Anacreon,
1056 866 1069 881 ,

350 932 485 998 Deievit
506 936 618 1017 aetas3
640 934 746 1016 spirat
769 930 878 997 adbuc
899 925 992 996 amor

394 1053 588 1138 vivuntque
611 1055 775 1119 commissi
797 1054 928 1119 calores

432 1173 574 1240 Aeoliae
597 1172 715 1239 tidibus
737 1171 886 1258 puciiac.¹

350 1332 426 1398 Non
448 1334 522 1397 soie
543 1336 697 1416 comptos
717 1334 801 1399 arsit
826 1332 970 1401 adulteri
991 1364 993 1369 .

353 1453 472 1520 Crines
493 1457 528 1519 et
549 1472 662 1519 eurum
682 1455 837 1519 vestibus
858 1456 974 1519 illitum

222 1709 287 1768 κοῖς
305 1705 348 1753 Fr.
371 1703 418 1754 30.
443 1703 610 1754 Schneidevr.
639 1703 698 1754 Dei.
718 1716 745 1764 p.
762 1702 768 1718 ⁴
785 1719 858 1753 οντα
875 1704 965 1771 μέλη,
985 1707 1124 1755 πνείονια
1141 1704 1164 1755 δ’
1179 1703 1310 1775 Ἐρώτων

223 1783 295 1832 nit:
316 1780 369 1834 τὸν
385 1780 587 1852 κακοπάτριδα
599 1781 762 1832 Πιττακὸν
786 1781 845 1832 Τὸν
873 1780 984 1850 γλυκὺν
1010 1784 1040 1846 ἐς
1062 1782 1173 1834 παίδων
1204 1783 1310 1856 ἵμερον

223 1859 327 1923 πόλιος
345 1861 397 1925 τοῖς
415 1859 529 1925 ζαχόλω
548 1862 599 1911 καὶ
610 1858 749 1929 banniat—
785 1855 953 1930 ἡρμόσατο·
975 1862 1044 1912 v(lic.
1066 1864 1141 1912 Brut,
1160 1863 1212 1911 bb:
1236 1863 1310 1912 Vide·

221 1956 317 2004 μονος
334 1936 514 1991 'Eordaeam
528 1938 673 2006 τύραννον
685 1942 750 2005 μέγ’
787 1947 831 1988 tar
849 1939 935 1988 Laelii
961 1954 1033 1990 ment
1051 1934 1166 2003 spirare
1181 1942 1262 1989 etiam
1279 1942 1312 1989 in

222 2017 409 2082 ἐπαινοῦντες
455 2015 574 2081 ἀολλέες
623 2013 726 2090 {deniq
739 2043 750 2052 -
786 2021 899 2081 scriptis,
913 2016 1308 2070 Gaiboeautemvisocciditre.

222 2097 319 2166 φωνᾷ.
788 2096 887 2149 Geiiius
904 2098 932 2156 7,
948 2099 981 2148 5:
1002 2100 1080 2149 Polus
1093 2101 1208 2162 opplevit
1218 2101 1311 2148 omnio

259 2176 285 2225 8.
306 2173 511 2237 Stesichorique]
524 2176 589 2225 Stat.
606 2175 670 2226 Siiv.
684 2176 711 2235 5,
722 2175 749 2234 3,
786 2201 816 2212 --
830 2177 952 2227 lomentis
968 2179 1037 2227 veris
1055 2187 1078 2227 et
1090 2162 1265 2240 spirantibus.
1278 2205 1309 2215 -

225 2254 293 2306 154:
323 2254 534 2319 Stesichorusque
552 2255 637 2317 seror.
667 2254 750 2319 Quiu-
790 2257 950 2322 Vivuntque]
979 2260 1086 2320 Sappho
1109 2258 1142 2308 de
1161 2271 1189 2308 sc
1209 2261 1265 2318 ipsa
1283 2261 1310 2306 iu

225 2334 423 2395 tii-1⁰‚1‚62:
442 2336 642 2385 maoeimobella
658 2336 750 2385 etcio-
788 2336 954 2407 Schneidcw.
976 2340 1018 2389 ir.
1046 2353 1072 2401 p.
1097 2338 1149 2387 29:
1176 2335 1244 2388 Ov'd’
1262 2332 1311 2387 ἴαν

224 2417 344 2464 riosimos
363 2415 456 2464 cecinit
473 2416 549 2464 duces
568 2420 592 2463 et
610 2416 675 2476 epici
693 2428 752 2463 cor·
787 2417 934 2483 δοκίμωμι
943 2418 1139 2489 προοιδοῑσαν
1150 2413 1230 2481 φάος
1239 2411 1311 2466 bitu

223 2496 303 2543 minio
322 2507 402 2542 Onera
424 2493 485 2554 lyra
500 2494 635 2541 sustinuit.
655 2493 750 2565 Reddit
781 2491 922 2548 Ἒσεσῇαι
947 2499 1059 2560 σοφίαν
1087 2495 1236 2568 παρθένον
1270 2496 1312 2557 εἰς

222 2573 342 2637 personis
360 2575 389 2620 in
401 2572 505 2633 dqendo
516 2572 597 2620 timrei
610 2572 752 2635 loquendo·
788 2573 897 2627 οὐδένα
915 2573 1025 2646 χρόνον
1044 2562 1201 2627 Τοιαῦται.
1236 2573 1311 2624 Posi·

224 2665 275 2725 que
300 2650 414 2699 debitam
432 2649 607 2711 diqoitatem:
639 2665 692 2713 quo
712 2666 752 2702 re·
789 2655 886 2716 dippus
914 2656 993 2704 anth·
1013 2653 1069 2705 Pai.
1091 2655 1126 2702 Ii.
1156 2667 1215 2717 pag.
1234 2653 1310 2702 780:

225 2730 308 2780 ierint
326 2742 350 2779 v.
371 2740 473 2790 qraoeo.
788 2732 919 2797 Σαπφώ,
946 2734 998 2784 σαὶ
1018 2733 1048 2784 δὲ
1074 2737 1199 2798 μένουσι
1224 2733 1313 2797 φίλης

259 2808 317 2857 9-
330 2806 372 2854 12.
392 2804 541 2871 Anacreon]
564 2813 608 2859 «si
629 2812 693 2871 quid
714 2812 751 2861 ie·
788 2807 833 2863 ἔτι
851 2815 902 2862 και
920 2813 1077 2878 μενέουσιν
1097 2805 1192 2877 Rodii<
1205 2813 1238 2861 αἱ
1250 2811 1312 2862 tru-

226 2889 324 2947 vioris,
365 2888 494 2946 imprimis
526 2894 646 2940 amatorii
675 2904 751 2954 argu·
788 2894 836 2942 καὶ
855 2888 1060 2956 φθεγγόμεναι
1077 2888 1195 2954 σελίδες.
1232 2889 1310 2947 kind.

226 2969 310 3018 menti
329 2967 477 3015 tractavit.»
503 2967 617 3028 Propter
638 2972 750 3021 nouaui—
788 2972 864 3021 Nem.
883 2969 917 3027 b,
942 2969 977 3018 a:
997 2962 1090 3040 ορῆμα
1111 2967 1134 3017 d'
1158 2967 1313 3040 ἐργμάτων

225 3049 263 3098 ios
274 3048 387 3096 lectores
401 3048 562 3097 monendum
576 3050 655 3109 duco,
668 3054 750 3113 ipsius
788 3046 984 3119 χρονιώτερον
1002 3043 1142 3108 βιοτεύει.
1163 3049 1221 3098 Hoc
1234 3051 1313 3110 igitur

225 3127 399 3187 Anacreontis
418 3139 461 3176 eas
481 3126 615 3180 dumtaxat
634 3145 691 3182 esse
710 3146 751 3181 re·
789 3130 866 3191 dicit:
887 3127 1057 3183 «Gratissimo
1069 3139 1149 3179 sensu
1160 3132 1314 3179 etiamnunc

224 3208 332 3267 iiquias,
352 3219 419 3269 quas
438 3218 525 3267 nuper
543 3209 627 3258 edidit
646 3210 749 3260 Theod.
789 3222 835 3257 nos
849 3208 969 3256 afficiunt
983 3220 1095 3267 amores,
1119 3221 1185 3269 quos
1205 3208 1313 3269 Sappho

225 3284 750 3347 iiergii.Lipsiaeibbd.etSehaeidewiu
788 3291 841 3337 suis
859 3288 1019 3337 carminibus
1044 3291 1177 3349 tamquam
1205 3300 1313 3338 arcanas

225 3364 373 3415 inlieiectu
384 3371 447 3421 cet.;
460 3365 601 3433 subditicio
611 3369 751 3419 vcroOde-
789 3371 902 3428 pectoris
916 3356 991 3417 cu'ras
1012 3367 1176 3417 concredidit
1190 3364 1263 3429 (Sat.
1285 3367 1312 3426 2,

225 3447 263 3513 ria
274 3444 315 3494 iiia
330 3443 490 3509 aStepiiauo
505 3449 618 3505 primurn
633 3453 748 3509 reperta.
789 3448 814 3509 1,
828 3445 884 3512 31.)
904 3448 1052 3508 iisdemque
1067 3447 1259 3499 admirabiliter
1272 3459 1314 3496 cr-

225 3551 256 3585 ··.
268 3525 307 3575 De
322 3527 388 3573 miro
401 3525 513 3575 Acconis
524 3528 642 3577 scholio:
664 3529 749 3577 «Aua-
789 3531 911 3586 pressit»
925 3552 950 3558 -
965 3526 1047 3589 lunge
1060 3541 1066 3574 t
1081 3529 1213 3576 commissi
1219 3516 1314 3592 fidibus

224 3603 751 3667 creonautemSatyramscripsit‚amicus
789 3607 898 3656 Aeoliae
925 3601 1069 3670 (Lesbiae)
1086 3606 1192 3666 pueiioe
1204 3622 1212 3663 ,·
1237 3619 1312 3655 non:

225 3684 364 3763 Lysandri.
377 3685 428 3735 diii
443 3685 546 3746 dieunt,
560 3688 632 3748 quod
646 3691 751 3757 scripsit
789 3687 889 3735 colores
916 3684 1024 3735 Aeoliae
1047 3685 1172 3746 puellae,
1210 3686 1313 3735 dativus

225 3766 320 3816 Circen
331 3770 358 3814 et
368 3765 520 3827 Penelopen
533 3769 558 3816 iu
569 3780 622 3817 uno
631 3768 750 3817 iaboran-
790 3779 853 3826 pro:
874 3767 907 3815 ab
926 3765 1019 3815 Aeoiia
1039 3765 1136 3827 puelia.

225 3851 293 3895 tes.»
320 3839 382 3907 (Od.
412 3845 506 3903 1,17‚
529 3842 635 3907 inicit.
666 3847 751 3909 Bergk
823 3844 948 3894 13-15.
970 3840 1048 3906 arsit]
1069 3847 1315 3904 ‹ramoreoaptaest

226 3923 322 3973 Anacr.
335 3935 362 3983 p.
376 3924 420 3972 12.
437 3924 511 3975 Bode
528 3922 620 3975 deret.
644 3926 690 3975 der
708 3939 749 3988 qr.
789 3927 922 3988 eleganter
947 3925 1045 3983 compti
1072 3925 1212 3985 ornatique
1240 3922 1315 3973 adui-

226 3999 315 4051 Poirie
325 4002 351 4061 2,
367 4003 410 4060 19,
419 4003 446 4051 2.
458 4016 516 4066 pag.
526 4003 589 4054 360.
601 4029 633 4038 -
650 4002 749 4066 spirat]
789 4007 867 4055 teri.»
889 4003 1030 4065 Construe‚
1050 4008 1079 4053 ut
1093 4008 1131 4054 est
1151 4002 1222 4064 apud
1240 4001 1312 4064 Virg.

226 4079 271 4128 Sic
280 4079 430 4131 Simonides
440 4082 472 4133 de
486 4082 654 4137 Anacreonte
668 4084 749 4135 Anto.
790 4084 846 4133 Eci.
862 4084 893 4142 2,
914 4084 949 4132 1:
976 4089 1073 4143 pastor
1096 4081 1220 4147 Corydon
1238 4081 1314 4149 ordo

225 4159 282 4209 Pal.
299 4158 321 4205 1.
341 4173 368 4221 p.
381 4159 445 4209 313:
462 4156 509 4224 Ὃς
521 4161 659 4234 Χαρίτων
676 4164 752 4213 πνεῖ·
768 4228 770 4231 .
788 4165 832 4215 bat
852 4162 966 4213 dicuin:
986 4162 1054 4210 ursit
1074 4148 1181 4219 cribet.
1208 4174 1251 4211 eor
1268 4160 1314 4209 mi·
