2908 4796
583 343 732 396 nonanti
752 346 895 398 EPODON

536 682 815 825 eamean
853 745 954 826 xv.

285 933 361 999 Nox
384 936 457 997 erat
480 936 513 998 et
536 935 630 1000 eaelo
655 935 806 1023 fulgebat
829 937 925 1001 Luna
947 955 1067 1002 sereno

328 1056 423 1120 luter
445 1056 571 1120 minora
593 1054 720 1141 sidera,
995 1051 998 1057 ’

283 1176 364 1242 lium
386 1180 423 1240 tu
446 1194 640 1263 magnorum
662 1196 783 1243 numen
804 1179 938 1245 laesura
962 1177 1098 1243 deorum

326 1300 369 1364 In
390 1298 495 1364 verba
518 1299 654 1366 iurabas
674 1319 765 1383 meu,

282 1419 401 1484 Artius
421 1424 524 1505 atque
544 1418 670 1486 hedera
692 1438 834 1503 procera
855 1420 1078 1505 adstringitur
1099 1424 1185 1505 ilex,
1269 1427 1290 1485 5

324 1541 444 1607 Lentis
465 1540 653 1609 adhaerens
676 1542 841 1608 brachiis:

252 1698 355 1749 EPOD.
375 1697 434 1747 XV.
466 1699 549 1749 inser.
570 1698 638 1762 volg.
664 1696 707 1747 dd
725 1699 863 1749 Neaeram.
886 1723 917 1735 -
937 1700 1066 1750 Neaeram
1090 1702 1203 1751 amttam
1220 1703 1288 1753 ollo-

198 1770 298 1847 ouitur.
318 1768 350 1817 li.
371 1794 401 1803 -
421 1769 454 1818 lu
472 1767 601 1820 Neaeram
620 1771 742 1819 amiram.
764 1781 787 1845 c.

232 1930 292 1981 XV.
328 1931 463 1991 Neaerae,
486 1941 556 1994 quae
575 1937 720 1984 amatorem
759 1935 844 1982 κεῖνα
861 1930 1025 2002 φέρεσθαι,
1056 1930 1171 1996 Auxere,
1203 1932 1241 1984 ari
1261 1934 1286 1984 δ’

197 2011 307 2063 divitem
317 2010 428 2061 Horatio
447 2009 623 2085 praelerebat,
642 2012 721 2072 iterii·
758 2006 931 2073 desolatore
948 2006 1045 2063 αὐτὸν
1074 2005 1149 2084 ὁρᾷς
1166 2010 1307 2083 ἐτέρων..

198 2093 268 2142 diam
286 2093 400 2153 graviter
417 2093 537 2151 intueat,
566 2091 720 2151 iniectaque
759 2115 790 2124 -
810 2087 926 2153 inerma]
947 2090 1046 2140 Trauli.
1067 2092 1094 2151 1,
1114 2090 1141 2151 9,
1159 2092 1190 2140 1:
1211 2092 1283 2154 Quid

197 2172 263 2222 iurle
281 2169 398 2230 iurandi,
418 2183 473 2232 qua
491 2181 568 2219 suam
584 2169 720 2233 quondam
758 2170 854 2219 mittet
866 2169 1285 2232 sueraamieeroetaeaurueamo·

196 2252 294 2301 amoris
311 2249 391 2300 iidem
415 2251 579 2299 sanctissime
598 2249 719 2311 alligant,
758 2260 816 2308 rea,
835 2247 955 2299 Foedera
969 2263 1019 2311 per
1037 2252 1123 2315 divos,
1144 2250 1213 2300 elam
1228 2253 1285 2300 oio

197 2328 324 2393 religione
334 2341 365 2379 ae
377 2328 489 2391 neglecti
500 2328 620 2379 eiusdem
632 2328 720 2379 divina
759 2326 858 2387 londa,
879 2327 987 2378 dodae?
1007 2342 1021 2373 ιι
1030 2329 1107 2380 Ouid.
1121 2331 1185 2381 Her.
1195 2330 1222 2388 2,
1236 2328 1282 2379 ta.

195 2408 312 2458 vindicta
329 2410 498 2471 minaturque
517 2421 545 2459 se
567 2407 718 2468 discidium,
758 2405 791 2457 de
810 2405 889 2458 laesis
908 2421 923 2458 a
942 2409 1145 2470 Demophoonta
1160 2423 1209 2471 per
1223 2422 1284 2470 per-

195 2486 242 2536 niu
269 2486 352 2538 semel
384 2485 565 2548 perdoluerii,
600 2486 669 2537 bene
689 2468 720 2536 a'e
758 2487 826 2535 turia
845 2486 1021 2536 numinibus:
1043 2487 1071 2537 Si
1092 2489 1124 2536 de
1143 2493 1182 2537 tot
1203 2488 1283 2537 laesia

195 2566 301 2617 iortlier
322 2566 456 2626 laturum,
479 2566 513 2615 ad
535 2568 718 2616 senioratum
757 2578 807 2614 ano
825 2566 936 2616 aomina
954 2569 1065 2628 querque
1090 2568 1199 2616 deorum
1222 2566 1283 2615 Vin·

195 2644 305 2694 tonsilia
328 2655 452 2695 revocare
474 2646 614 2695 annititur.
649 2643 718 2692 Tum
756 2645 837 2697 diret,
869 2645 900 2691 ta
924 2657 1026 2705 poenae
1044 2657 1099 2694 aon
1128 2646 1195 2695 salte
1211 2659 1282 2694 anne

194 2723 228 2773 ad
246 2723 355 2776 riualem
373 2735 451 2772 suurn
477 2734 639 2781 conversus,
669 2735 717 2772 suo
756 2724 835 2772 erit.»
855 2722 946 2773 Dona·
962 2750 989 2760 -
1012 2724 1046 2772 ln
1060 2720 1151 2786 uerba]
1172 2725 1282 2775 Forma·

193 2805 281 2863 laeum
300 2800 420 2862 exemplo
446 2802 541 2853 edocet
560 2808 716 2863 monetque,
756 2801 825 2860 lam,
858 2814 910 2863 qna
942 2801 1038 2852 milites
1070 2803 1131 2852 duel
1150 2816 1178 2853 ee
1209 2804 1280 2854 dioto

194 2894 273 2944 quam
292 2880 369 2932 lallar
394 2893 460 2932 aura
479 2884 530 2933 ista
556 2883 608 2940 sit,
637 2893 716 2943 quarn
756 2880 897 2932 audientes
925 2880 982 2932 iore
1007 2881 1153 2941 iurabant,
1183 2882 1226 2932 iilo
1245 2883 1279 2934 ad

192 2962 246 3010 iam
282 2961 433 3021 experiatur
469 2965 522 3010 tam
558 2960 714 3010 secundam.
755 2971 858 3009 amores
877 2958 1020 3020 transieri,
1052 2965 1082 3010 ut
1099 2958 1133 3010 ad
1164 2960 1276 3021 pntioso·

191 3038 315 3090 Mraecn.
343 3037 445 3090 Eodem
466 3038 585 3089 Neaerae
608 3041 715 3089 nornine
756 3036 844 3097 phium
859 3037 928 3099 Epo.
946 3037 1093 3098 1,1‚1t:
1114 3036 1280 3089 Naliiarad-

192 3131 256 3169 neus
270 3122 310 3168 est
328 3129 389 3166 oum
409 3117 535 3167 Horatius
555 3117 606 3166 Od.
621 3117 648 3177 3,
669 3118 714 3176 rt,
754 3117 841 3164 dictae
859 3116 952 3165 lurore
969 3118 999 3166 ire
1014 3117 1094 3166 verbu
1108 3119 1241 3179 magistri.

192 3196 253 3256 21,
267 3203 323 3246 tum
336 3194 555 3247 Pseudotibullue
570 3192 640 3259 (Lib.
652 3192 714 3257 iil.)
788 3193 885 3243 5—10.
903 3191 992 3257 atque]
1006 3194 1045 3245 Ile
1060 3196 1110 3245 iroa
1130 3197 1278 3257 particulae

192 3271 272 3337 (au.
285 3288 308 3326 o.
319 3275 394 3335 721..
407 3282 438 3325 ut
449 3275 715 3327 arbitrantnrliireli·
754 3284 805 3322 usu
814 3272 1117 3334 denuntiatae:
1134 3274 1277 3325 «Oratores

191 3366 241 3404 ner
256 3359 283 3405 et
298 3349 424 3416 Franks.)
753 3350 939 3402 irradiatione
968 3364 1106 3413 nunquam
1135 3363 1182 3402 aut
1199 3354 1277 3403 raris-

225 3432 316 3482 ss-lt.
335 3434 442 3482 minora
462 3428 562 3494 sidero]
590 3431 644 3482 Cir.
660 3430 712 3481 Od.
752 3430 818 3479 alme
837 3436 960 3489 utuntur,
980 3429 1149 3492 trequentlur
1170 3437 1274 3493 poetae.

191 3511 357 3571 1‚1a‚ti.
392 3516 418 3562 et
436 3510 470 3561 ad
497 3516 579 3561 totam
606 3522 713 3562 stenem
753 3507 787 3556 Et
807 3509 939 3560 veteribus
960 3506 1064 3572 (Plauto
1087 3524 1117 3561 ao
1138 3509 1275 3574 Terentio)

190 3589 317 3653 Meleagri
337 3590 389 3653 Ep.
403 3589 448 3638 71.
468 3588 550 3638 Anii.
565 3589 621 3639 Pei.
640 3590 662 3637 l.
685 3602 711 3650 p.
752 3598 783 3637 ea
803 3587 854 3635 iarn
872 3589 975 3651 cognita
988 3596 1060 3647 erat;
1081 3590 1275 3640 recentioribus

190 3669 243 3720 85:
263 3663 327 3731 Νύξ
345 3666 409 3739 ἱερὴ
435 3669 485 3717 καὶ
507 3663 610 3730 λύχνε,
629 3670 713 3719 ovrt-
752 3665 898 3727 elegantiae
929 3678 1009 3717 eausa
1037 3682 1197 3731 magnopere
1217 3670 1275 3730 nla-

189 3763 299 3819 στορας
316 3740 437 3808 οὔτινας
461 3739 569 3808 ἄλλους
584 3738 709 3816 Ὄρκοις.
751 3746 834 3792 cult.»
856 3771 884 3780 -
906 3742 1012 3808 hedera]
1034 3747 1085 3797 Od.
1104 3750 1140 3807 1,
1164 3748 1272 3807 36,18.

188 3821 250 3877 ἀλλ’
268 3819 363 3890 ὑμέας
385 3820 514 3887 εἱλόμεθ’
532 3819 709 3895 ἀμφότεροι.
751 3820 905 3885 catulini,
921 3823 974 3873 33:
994 3825 1109 3876 Mentem
1125 3840 1216 3878 amore
1234 3841 1273 3877 re·

188 3896 240 3954 Χῶ
256 3903 313 3967 μὲν
328 3900 381 3967 ἐμὲ
403 3896 551 3972 στέρξειν,
571 3905 669 3951 κεῖνον
686 3899 710 3951 d’
748 3902 886 3961 vinciens,
916 3903 948 3951 [it
965 3909 1047 3954 tanao
1064 3905 1162 3954 ltedera
1180 3907 1231 3954 tua
1248 3912 1273 3956 et

187 3975 245 4045 ἐγώ
258 3972 297 4030 οὕ
309 3993 379 4030 ποτε
401 3979 517 4044 λείψειν
529 3972 708 4044 Ὡμόσαμεν·
749 3979 798 4027 leue
809 3979 937 4029 Arborem
946 3983 1065 4044 implicat
1077 3996 1180 4033 errans.
1203 3983 1273 4033 «Ad-

187 4053 291 4122 κοινὴν
303 4050 327 4107 δ’
343 4054 435 4119 εἴχετε
447 4056 623 4128 μαρτυρὶην.
644 4056 709 4108 Νῦν
748 4057 859 4108 haerens
877 4058 955 4110 lentis
977 4063 1030 4111 tuis
1055 4060 1170 4110 brachiis
1188 4065 1271 4114 artius

187 4127 246 4184 δ’ὁ
262 4133 319 4198 μὲν
336 4129 425 4206 ὅρκια
451 4137 544 4200 φησὶν
562 4133 595 4185 a'r
623 4129 708 4186 ὕδατι
747 4149 827 4196 quarn
847 4149 956 4198 procera
987 4135 1269 4204 (toetragend)
