2936 4804
523 884 800 1020 campinie
821 938 924 1015 ‘vn

262 1144 366 1221 Divo,
390 1156 485 1227 quem
508 1142 622 1225 proles
644 1138 773 1204 Niobea
796 1155 937 1224 magnae
1098 1232 1103 1239 Ι

262 1263 435 1329 Vindicem
460 1263 595 1348 linguae
617 1259 803 1367 Tityosque
825 1261 944 1365 raptor
1030 1258 1032 1264 ’

229 1419 281 1471 Od.
301 1420 349 1470 vi.
386 1419 469 1469 inser.
489 1417 558 1480 ποις.
579 1416 621 1465 ,io
637 1416 786 1479 Apollinem
805 1421 833 1466 et
848 1417 887 1465 sio
904 1414 968 1466 bSe.
997 1441 1027 1452 -
1057 1414 1187 1480 Apolllrilr
1205 1417 1265 1466 lou-

177 1490 236 1540 elem
258 1490 339 1552 refert
365 1492 493 1554 quoniam
510 1489 628 1538 sanavit
651 1489 756 1538 Aenean
780 1489 913 1536 auctorem
937 1486 1049 1549 orlpr'uls
1066 1482 1212 1536 Romanae.
1232 1487 1264 1536 ll.

178 1559 237 1611 Oni-
258 1560 290 1610 T.

213 1723 260 1774 Vi.
298 1723 346 1773 list
364 1720 447 1773 relutl
469 1722 629 1788 προοίμιον
647 1732 702 1769 ear·
774 1721 801 1769 1.
822 1720 849 1769 Ξ.
869 1715 946 1781 utor]
971 1717 1034 1767 Post
1053 1719 1155 1783 longam
1170 1732 1265 1781 peren·
1301 1702 1311 1721 ⁰

177 1796 626 1863 minisseeuierisleue·7³'i.);
648 1812 701 1860 ouo
740 1801 825 1850 thesin
862 1771 992 1860 repetitur
1015 1798 1139 1849 eiioeutio
1168 1799 1261 1849 riss5.

176 1883 306 1945 Apollinis
333 1892 426 1942 paoem
454 1891 485 1929 ee
510 1878 642 1937 levorem,
670 1892 701 1929 ex
739 1879 846 1927 Doctor.
867 1902 897 1913 -
916 1875 1028 1940 illolteo]
1048 1877 1088 1928 De
1108 1877 1194 1928 Nioba
1213 1877 1261 1929 elr.

176 1969 265 2015 vetere
275 1961 433 2023 hymnorum
447 1957 642 2007 consuetudine
655 1955 701 2006 ad·
738 1959 866 2017 imprlmle
891 1955 1016 2006 Welcirer
1040 1969 1083 2020 pr.
1111 1957 1263 2020 rrooeetea

175 2039 301 2090 mirandis
315 2040 373 2088 eius
386 2036 460 2086 iaetls
483 2035 631 2095 celebretis,
652 2036 701 2083 im·
739 2050 765 2099 p.
782 2035 844 2086 286.
864 2036 962 2087 Mliiler
980 2034 1087 2085 Derim.
1103 2035 1126 2085 Ι.
1146 2036 1180 2086 Ν.
1199 2036 1260 2085 ile.

175 2122 270 2182 plorat,
290 2122 320 2166 ut
339 2120 441 2177 etipse
462 2120 539 2178 polita
560 2120 586 2164 et
605 2126 700 2175 puero·
738 2114 804 2165 Cum
817 2115 912 2174 Niobe,
928 2114 1095 2175 Amphlouis,
1110 2119 1177 2177 regie
1193 2115 1263 2166 Tire·

174 2213 235 2250 rum
258 2200 445 2259 virginumque
466 2196 539 2244 eliori
561 2206 621 2244 mox
642 2205 699 2241 mu·
737 2194 841 2253 barum,
862 2207 936 2252 uxor,
957 2196 1000 2243 eui
1018 2200 1119 2255 septem
1138 2194 1205 2243 filios
1223 2201 1262 2245 to·

174 2291 237 2328 nere
257 2289 305 2326 suo
324 2279 373 2325 rite
392 2275 464 2337 fungi
483 2275 594 2335 possint.
619 2271 703 2324 Prae·'
737 2275 874 2336 tidemque
891 2274 956 2323 filies
975 2278 1125 2334 pepererat,
1154 2287 1182 2324 se
1201 2287 1260 2335 pro·

174 2359 252 2418 eipue
270 2360 359 2406 autern
378 2357 533 2403 immoratur
550 2356 576 2402 in
597 2351 697 2401 Achille
736 2354 842 2416 lemque
865 2358 938 2402 suam
962 2352 1079 2405 Latonae
1098 2355 1211 2416 eiusque
1231 2354 1262 2402 ii·

174 2449 189 2485 e
210 2436 260 2485 deo
278 2433 436 2493 interfecto,
464 2436 606 2493 propterea
625 2429 697 2493 quod
737 2435 806 2483 iteris
819 2432 987 2483 antetulisset
1006 2438 1032 2482 et
1047 2431 1262 2483 matronasTire·

173 2514 208 2563 oli
224 2514 295 2563 illius
310 2514 448 2561 intertium
470 2511 549 2561 Troia
568 2523 619 2560 non
640 2509 698 2558 iun·
737 2513 818 2562 henas
837 2513 870 2561 ab
888 2513 957 2562 iliius
980 2511 1045 2562 deae
1066 2513 1139 2563 eultu
1159 2512 1261 2563 alteter-

173 2588 696 2652 ilitusdeieta,Aeneaqueserratooondi
735 2597 847 2653 ruisset,
877 2592 972 2652 ipoiio
998 2599 1024 2640 et
1052 2592 1139 2642 Dione
1169 2596 1261 2642 matris

174 2673 262 2733 potuit
288 2669 355 2719 Urbs
386 2675 501 2720 aeterne.
542 2667 644 2717 Deinde
663 2667 696 2715 ed
735 2670 1038 2722 irataeiussuilionidas
1051 2685 1143 2721 omnes
1159 2675 1261 2735 sagittis

171 2751 266 2800 elioros
280 2762 307 2798 se
320 2754 496 2805 convertens,
519 2750 597 2797 etlam
616 2752 696 2809 atque
735 2752 908 2803 confixerunt.
928 2751 1004 2801 iliud.
1026 2767 1066 2810 ω,
1086 2750 1147 2800 602.
1180 2752 1259 2803 ovid.

172 2816 253 2879 etia'm
267 2841 313 2877 eos
326 2829 488 2888 exhortatur,
506 2834 545 2885 ul,
567 2832 696 2888 quantum
733 2832 799 2883 Moe.
812 2830 839 2891 6,
855 2832 914 2881 155.
932 2856 963 2866 -
976 2843 1109 2893 maenae·
1120 2859 1128 2868 ·
1140 2827 1260 2895 llapooe]

172 2912 199 2959 in
215 2910 278 2969 ipsis
299 2910 350 2961 sit,
372 2907 460 2958 officio
476 2910 600 2968 imposito
623 2909 697 2956 satio·
736 2911 919 2960 «immodicae
956 2912 1143 2967 laetaniiee»;
1188 2910 1260 2961 unde

172 2986 278 3046 lactant,
300 2988 375 3036 euius
396 2993 468 3038 reete
494 2986 621 3048 persoluti
642 2998 696 3033 me·
735 2990 896 3040 Callimacho
915 2990 951 3038 Η.
967 2990 1027 3040 Dei.
1042 2990 1086 3039 96.
1107 2997 1147 3042 est
1167 2988 1261 3042 κακό-

171 3067 256 3117 moria
281 3064 424 3127 aliquando
449 3068 594 3129 gratissime
614 3066 645 3112 iis
662 3066 697 3112 sit
733 3068 888 3135 γλωσσος,
926 3068 1112 3121 Theudoridae
1149 3069 1258 3119 Antaei.

171 3145 268 3196 lutura.
291 3143 475 3213 «Προοίμιον
491 3145 696 3194 hoeortumest
733 3149 790 3198 Pal.
811 3148 846 3196 ii.
868 3161 895 3210 p.
916 3148 985 3198 665:
1014 3143 1258 3218 ἀθυρόγλωσσος.

171 3236 202 3273 0¹
221 3228 291 3273 iusta
312 3223 426 3284 quanam
451 3223 576 3283 superbio
605 3228 633 3271 ei
654 3227 695 3273 sui
734 3229 812 3279 uvir.
825 3228 892 3279 uei.
907 3228 942 3287 e,
957 3229 1019 3278 150.
1041 3228 1073 3279 uo
1087 3228 1188 3278 mom:
1209 3227 1260 3277 mo

170 3302 277 3362 fiducia,
302 3314 355 3364 que
373 3306 451 3363 il‘lem
474 3302 643 3360 efflflbllillt
664 3316 695 3352 ei
733 3316 822 3357 tomen
836 3308 976 3358 admonito
989 3312 1026 3357 erl
1042 3321 1129 3369 poeno
1146 3307 1261 3369 popoto·

91 3416 93 3420 -
171 3396 223 3446 quo
242 3389 363 3443 tempore
382 3383 505 3431 virtutem
532 3396 608 3433 suem
633 3386 695 3443 poe·
732 3389 769 3435 ris
786 3385 920 3436 Arooioee
933 3385 1027 3436 Cedere
1046 3386 1184 3436 ooeitttlroe
1202 3398 1260 3433 oer-

171 3464 248 3510 tieam
268 3467 392 3511 etartem
411 3473 473 3510 oum
499 3462 694 3527 eprlmoriltus
734 3466 822 3530 lisque
849 3466 995 3515 minoribus
1025 3467 1074 3514 nti.
1113 3465 1157 3514 Sic
1179 3466 1259 3515 etiam

169 3542 249 3593 viris,
277 3546 333 3588 lum
361 3539 394 3589 alt
421 3542 479 3600 ipso
507 3540 626 3604 Augusto
659 3543 695 3589 lte
734 3545 839 3596 Graeci.
872 3544 991 3607 Theogn.
1019 3544 1087 3594 159:
1125 3542 1258 3610 Μήποτε,

170 3620 367 3679 comprobatam
388 3631 445 3667 esse
464 3620 645 3679 intellexerat,
667 3623 697 3668 ul
732 3622 838 3694 Kalpe,
870 3619 1041 3694 ἅγορᾶοὲοαι
1066 3618 1138 3687 ἔπος
1168 3626 1257 3690 μέγα.

170 3711 200 3747 ex
220 3711 361 3760 permagno
382 3702 518 3757 poetarum
539 3699 608 3748 iilius
624 3704 695 3748 aeta·
734 3703 1041 3765 Sopuoei.intig.127:
1058 3701 1198 3773 Ζεύςγοὶρ
1210 3718 1260 3766 με·

169 3782 201 3828 tis
212 3793 288 3843 grege
297 3781 368 3829 solus
379 3780 521 3830 hebetetur
533 3782 637 3845 dignus,
649 3787 695 3842 qui
732 3779 825 3848 γάλης
849 3779 986 3848 γλώσσης
1008 3778 1143 3846 κόμπους
1160 3777 1260 3851 ὕπερο-

169 3860 196 3907 ln
206 3858 325 3908 sollemni
342 3858 465 3907 ludorum
480 3859 638 3910 secularium
652 3874 695 3911 ee·
732 3859 857 3929 χῖταίροι.
874 3886 902 3896 -
921 3858 1021 3923 Tityos]
1043 3860 1097 3910 Cir.
1117 3859 1168 3908 Od.
1186 3858 1213 3920 3,
1230 3859 1258 3921 i,

169 3935 315 3988 leltratione
338 3939 465 4000 hymnum
491 3941 518 3987 in
544 3940 694 4000 Apollinem
732 3940 777 3989 77.
805 3939 883 3988 Pind.
903 3939 979 4006 Pytn.
1004 3940 1037 3998 lt,
1060 3938 1110 3987 90:
1130 3938 1180 3987 καὶ
1198 3935 1260 4004 μὰν

169 4022 196 4065 et
213 4016 323 4066 Dianam
345 4023 545 4077 componeret.»
566 4019 693 4068 Fnaunn.
733 4019 840 4069 Τιτυὸν
853 4017 941 4081 βέλος
959 4014 1119 4091 Ἀρτέμιδος
1131 4017 1260 4089 θήρευσε

169 4093 339 4155 Quapropter
364 4094 408 4143 hio
433 4108 540 4157 quoque
572 4098 625 4147 duo
652 4097 693 4146 illa
733 4095 886 4165 κραιπνόν.
916 4099 957 4147 Ao
981 4099 1104 4160 Apolline
1125 4104 1152 4149 et
1174 4097 1261 4147 Diana

169 4175 276 4223 numina
294 4173 419 4223 celebrat.
732 4177 835 4237 sagittis
860 4177 992 4228 confixum
1014 4177 1094 4228 tradit
1113 4176 1259 4227 Pausanias
