2854 4824
7 1184 9 1195 i

7 1308 13 1435 i

574 324 639 373 liii.
660 324 681 373 l.
719 326 749 373 C.
770 326 791 374 l.

326 483 472 547 Evltsia
493 483 577 547 rotis
599 484 771 569 palmaque
794 488 915 552 nobilis

251 604 447 670 Terrarum
470 604 618 670 domlnos
640 605 752 672 evchlt
774 607 818 673 ad
840 607 938 692 deos3

168 828 196 876 0.
218 828 335 877 wetere
355 827 444 877 Beati.
464 830 533 877 conl.
553 852 584 863 —
603 830 640 878 cri
657 829 726 880 deos.
744 829 824 880 Ηιιαο
842 830 926 881 LCtF.

123 1028 661 1081 “montemvictorumethislarentlnm
678 1036 681 1047 ’
697 1025 764 1092 ξιάν
783 1028 847 1080 ἐστι
872 1034 922 1081 καὶ
942 1034 1095 1095 πανταχοῦ
1119 1035 1158 1103 τῷ
1181 1054 1219 1087 νι·

126 1110 254 1161 laetitiam
265 1111 377 1171 egregie
387 1107 514 1159 describit
522 1108 573 1158 llio
581 1108 662 1172 Chry-
698 1107 787 1159 κιόντι
809 1108 999 1174 ἐστιθέμενος
1022 1111 1131 1177 φοῖνιξ.
1160 1115 1220 1165 Pin-

134 1196 186 1238 ωτι
204 1188 259 1238 Or.
282 1188 312 1237 0.
334 1200 362 1248 p.
383 1187 447 1237 sliu.
467 1187 502 1236 lt.
698 1186 1217 1251 01τ.0110]τ.1”ι.3.3οοο10.1100110.

165 1267 186 1316 l.
205 1264 366 1331 collectore]
392 1267 420 1318 iil
439 1272 496 1327 est,
528 1266 661 1328 «rapldls-
697 1278 724 1326 p.
746 1266 813 1315 soii:
834 1261 884 1316 Ἔν
904 1261 1013 1337 Ἀργεία
1030 1269 1129 1339 Νεμέᾳ
1147 1271 1219 1336 μάν·

136 1349 191 1397 rimo
209 1361 296 1397 cursu
318 1346 435 1397 stadium
454 1359 574 1399 emensos
592 1348 661 1397 excl-
698 1359 742 1394 τιν
759 1340 797 1395 ου’
816 1341 957 1396 λανθάνει
970 1346 1106 1411 Φοίνικος
1122 1344 1218 1420 ἔρνος.

134 1430 330 1489 ureatquelta
338 1429 565 1487 rictorlapoilrl.r›
597 1426 661 1477 Per·
697 1423 805 1474 Praeter
822 1436 946 1475 coronam
959 1425 1097 1489 Olymplae
1116 1442 1148 1479 er
1167 1429 1220 1482 ole-

133 1505 226 1557 leetum
239 1506 367 1556 subtilius
380 1507 514 1567 explices,
534 1507 659 1568 quonlam
696 1505 758 1553 artri
776 1504 930 1554 mmusculis
946 1518 1050 1564 noram,
1070 1521 1122 1570 qna
1138 1516 1219 1571 capnt

133 1579 280 1655 ἀορίστως
299 1587 417 1647 positum
436 1585 524 1637 dicere
539 1588 591 1636 lam
606 1597 659 1633 non
697 1582 855 1634 redimiebat
877 1586 975 1645 victor,
996 1586 1108 1647 palmam
1127 1590 1217 1640 dextra

133 1664 208 1715 licet:
230 1665 380 1728 «colligere
400 1670 427 1716 et
445 1670 536 1726 postea
554 1667 659 1723 reliam
696 1661 814 1724 gestabat
833 1664 874 1713 vel
895 1666 957 1726 equi
973 1664 1052 1716 lubae
1072 1667 1197 1730 illigabat.

134 1743 242 1795 feliciter
254 1750 344 1807 gestae
358 1758 490 1795 memores
503 1758 588 1797 esse.»
607 1744 659 1794 Ve·
730 1741 756 1790 0.
777 1739 869 1805 wetti]
885 1743 944 1793 Non
958 1751 998 1795 est
1007 1746 1078 1796 icem
1091 1759 1121 1797 ac
1133 1763 1158 1799 r.
1169 1748 1213 1799 30.

134 1836 188 1871 mm
207 1824 356 1884 simplicius
368 1836 433 1873 sane
455 1823 584 1875 concedes
596 1823 659 1873 llei-
694 1833 735 1869 me
756 1820 806 1869 Dis
828 1824 939 1872 miscent
957 1826 1078 1885 ruperis.
1109 1828 1156 1878 seo
1185 1844 1216 1879 er

132 1901 274 1963 εἰρίοισι.
295 1900 344 1950 Gr.
364 1900 395 1965 §.
416 1902 479 1951 200.
499 1907 589 1964 poetas
607 1902 658 1951 La·
694 1899 886 1957 consuetudine
910 1903 1023 1961 Latina,
1054 1905 1091 1953 od
1115 1908 1217 1957 eoelum

133 1983 199 2030 ticos
228 1981 323 2032 crebro
348 1995 410 2032 usos
436 1995 493 2033 esse
517 1982 567 2030 lroc
597 1993 658 2041 per·
693 1980 798 2029 wetere
818 1975 922 2043 (luren.
941 1983 975 2043 1,
1003 1982 1070 2048 38.)‚
1091 1987 1169 2036 etlam
1188 1990 1215 2037 ln

133 2058 215 2119 lecto,
237 2061 283 2110 ubi
298 2060 346 2110 ini.
358 2074 446 2122 praes.
457 2075 473 2111 a
485 2066 569 2111 metro
580 2072 657 2120 prae·
694 2073 771 2121 prosa
784 2063 903 2113 oratione
916 2061 1006 2114 tollere
1018 2065 1055 2113 od
1068 2071 1160 2123 ostro.
1180 2069 1217 2117 od

133 2137 211 2189 traete
228 2147 410 2201 respueretur.
448 2139 490 2189 Ad
519 2153 594 2189 usum
619 2138 656 2187 lo·
693 2139 796 2188 coelum
812 2135 879 2202 (Clo.
894 2140 927 2192 de
940 2140 987 2191 0r.
999 2141 1025 2201 3,
1039 2144 1083 2203 00,
1097 2144 1160 2193 100.
1181 2148 1214 2196 ad

132 2218 231 2279 quendl
257 2218 306 2268 cir.
329 2218 384 2269 Sat.
411 2220 443 2276 1,
462 2218 498 2275 l,
517 2216 571 2268 3οι
593 2216 655 2278 pul·
691 2219 747 2268 Ait.
765 2218 793 2277 0,
806 2219 851 2278 25,
871 2217 909 2282 1.)
929 2221 1068 2282 «efficere,
1087 2229 1129 2282 ut,
1155 2236 1214 2276 cum

130 2299 170 2345 cir
188 2298 315 2347 collectos
336 2298 458 2356 turcico,
480 2310 544 2359 «per
567 2301 654 2346 aorem
692 2298 811 2347 omnium
823 2297 946 2348 laudibus
964 2302 1121 2352 extollantur
1132 2307 1213 2365 atone

130 2389 235 2437 sparsus
248 2382 330 2440 atque
347 2376 592 2440 conglomeratus.»
613 2374 654 2423 Si·
692 2375 781 2427 lellces
800 2375 1005 2437 praedicentur,
1036 2382 1086 2441 lpsl
1105 2395 1213 2443 quoqne

130 2458 250 2508 monides
268 2460 296 2506 ln
316 2458 438 2518 lipmicio
456 2456 527 2517 apud
545 2456 655 2506 Schnel-
691 2458 804 2506 maiores
831 2458 938 2517 spiritus
971 2465 1107 2509 sumant.»
1157 2463 1210 2515 Cir,

130 2537 196 2588 lew.
217 2536 278 2587 Del.
299 2549 326 2598 p.
347 2535 408 2585 381.
429 2536 472 2585 Fr.
492 2536 528 2584 7:
559 2536 655 2586 Kovtor
690 2536 800 2585 Luclan.
829 2535 932 2586 Anaclr.
960 2538 1012 2588 10:
1046 2533 1137 2611 Ὁρᾷς
1160 2543 1213 2596 τὸν

128 2614 157 2666 δὲ
169 2615 252 2686 παρὰ
265 2611 376 2685 τρόχον
389 2613 577 2680 μεταμώνιος
588 2609 654 2682 οἰέρ·
692 2612 856 2679 νικήσαντα
870 2610 907 2678 (in
922 2615 990 2665 ludis
1009 2618 1130 2683 publicis)
1150 2621 1214 2674 ἰσό-

128 2692 176 2761 lq.
209 2721 241 2731 -
281 2693 414 2757 meoque]
442 2707 490 2755 pro
517 2694 573 2742 liis:
607 2695 653 2739 aet
690 2691 759 2742 θεον
768 2691 973 2758 νομιζόμενον.
994 2696 1072 2749 Ovid-
1088 2715 1118 2751 er
1126 2702 1212 2752 Ponto

127 2779 371 2836 ascomannos»,
391 2773 517 2824 utCarm.
533 2773 651 2824 Sacili.
691 2772 725 2828 1,
751 2770 785 2832 0,
814 2770 866 2821 3οε
911 2774 1054 2825 Terrarum
1091 2778 1212 2830 dominor

128 2851 290 2916 -seroidid
313 2856 527 2917 «vertiginelpsa
546 2854 654 2904 calenti·
690 2863 771 2911 quom
790 2851 853 2900 colis
877 2854 931 2913 ipre
954 2854 1025 2904 deos.
1064 2857 1116 2907 00.
1135 2860 1163 2921 le,
1183 2862 1210 2920 0,

127 2933 205 2984 bus.»
225 2935 331 2985 Senon.
342 2934 416 2997 virg.
428 2932 524 2994 Georg.
538 2931 565 2991 3,
581 2933 651 2982 167:
690 2930 740 2977 17:
761 2943 828 2991 quos
839 2931 905 2981 Eleo
920 2932 1028 2984 domum
1040 2937 1143 2986 reducit
1150 2941 1211 3001 pol·

126 3015 199 3063 volat
215 3017 245 3063 οι·
262 3014 382 3076 fervidus
400 3013 472 3062 omis.
509 3012 577 3063 Aen.
602 3013 651 3071 11,
689 3021 735 3056 mo
752 3010 885 3060 coelestes.
925 3013 1000 3064 Falsa
1025 3022 1065 3065 est
1082 3018 1208 3079 interpro·

126 3093 196 3145 1⁹5:
219 3095 356 3157 Frenaque
367 3092 545 3155 ferventisque
565 3097 650 3140 rotor.
690 3090 772 3137 tatto:
795 3092 946 3149 «victores,
966 3092 1085 3146 homines
1097 3095 1210 3156 plerum·

157 3173 184 3221 5.
202 3168 330 3233 Eoitoto]
350 3172 388 3220 ln·
400 3185 433 3222 eo
446 3173 588 3233 praecipue
607 3185 654 3221 au·
689 3180 742 3229 quo
767 3168 931 3229 locupletes,
963 3178 1055 3231 utpote
1073 3172 1209 3244 ἱπποτρο·

127 3253 239 3313 rlgarum
256 3265 300 3302 ars
321 3251 499 3309 cernebatur,
527 3258 651 3313 utquam
688 3245 840 3309 φοῦντας,
865 3247 998 3299 interdum
1018 3263 1109 3313 reges,
1129 3253 1210 3304 adeo·

127 3335 242 3390 proxime
260 3335 360 3382 circum
374 3335 473 3382 meum
487 3343 592 3380 cursum
605 3330 652 3381 ilc-
688 3339 740 3388 quc
763 3331 891 3376 terrarum
909 3329 990 3379 veluti
1009 3329 1145 3389 dominos,
1165 3346 1208 3383 er·

128 3415 226 3463 sterent
246 3423 297 3462 nec
316 3417 406 3460 tamen
425 3412 453 3458 in
471 3422 529 3459 eam
554 3411 651 3470 impin·
687 3405 755 3453 tollit
775 3405 808 3454 ao
830 3403 922 3479 deos.»
960 3407 1012 3457 Sed
1038 3408 1103 3458 laco
1130 3405 1209 3461 οἰντί-

128 3496 223 3550 nerent.
260 3489 650 3550 Metaoperliecvitataeima·
686 3482 768 3547 θεσις
786 3487 963 3536 recentiorum
987 3488 1135 3550 linguarum
1156 3490 1209 3539 lto·

128 3571 208 3629 poem
227 3570 311 3620 habes
339 3567 413 3630 apud
438 3567 574 3630 Millingcn
600 3568 650 3616 Co·
687 3566 851 3613 manensium
868 3568 942 3625 polsi
955 3565 1058 3629 dignior
1070 3580 1149 3629 quam
1161 3583 1208 3620 sn·

129 3648 168 3698 liii
185 3650 217 3698 Τ.
238 3650 265 3699 0.
287 3674 319 3685 -
336 3643 445 3710 patrna]
464 3647 606 3698 Pausanias
620 3647 648 3708 8,
686 3644 775 3705 ilaus,
796 3645 844 3693 etsi
866 3644 937 3693 haud
959 3647 1068 3707 ignoro,
1090 3658 1105 3694 a
1125 3647 1209 3699 Luca-

129 3726 171 3778 le:
191 3728 222 3780 ἐν
233 3729 291 3794 μὲν
308 3723 458 3794 Ὀλυμπία
476 3728 595 3778 κοτίνου
610 3725 649 3792 τῷ
687 3735 720 3770 ¹10
738 3721 765 3781 8,
784 3722 845 3770 208·
859 3734 930 3786 repes
946 3725 1038 3786 utiquc
1054 3729 1140 3776 vocari
1156 3733 1208 3776 ter·

130 3807 238 3859 νικῶντι
265 3806 385 3859 δίδοται
417 3806 565 3867 στέφανος
597 3807 648 3856 καὶ
685 3813 780 3849 rorum
806 3801 935 3848 dominos.
965 3828 996 3837 ·-
1034 3804 1107 3854 Haec
1128 3807 1207 3867 igitur

130 3884 156 3936 ἐν
171 3886 295 3952 Δελφοῖς
314 3883 454 3949 δάφνης,
485 3882 517 3933 ἐν
541 3878 648 3951 Ἰσθμῷ
685 3879 718 3930 de
739 3878 855 3935 Graecis,
876 3880 971 3941 quibus
990 3886 1099 3933 victoria
1118 3883 1206 3948 Olym-

130 3962 155 4016 δὲ
176 3968 257 4030 πίτυς
283 3967 337 4016 καὶ
358 3963 394 4014 ἐν
415 3962 516 4029 Νεμέᾳ
536 3962 646 4013 σέλινα·
684 3961 742 4020 pica
771 3972 824 4009 non
861 3961 946 4010 minus
978 3971 1034 4012 crat
1063 3965 1206 4014 honorifica

132 4045 191 4096 olli
202 4041 316 4112 α’γῶνες
329 4044 472 4107 φοίνικος
486 4034 607 4107 ἔχουσιν
618 4043 650 4092 οἱ
685 4052 765 4100 quam
792 4040 941 4099 triumphus
970 4041 1107 4091 Romanis.
1136 4039 1202 4105 (Cic.

132 4123 219 4178 πολλοὶ
237 4127 409 4188 στέφανον·
431 4118 462 4181 ἐς
478 4118 509 4172 ol
530 4119 583 4186 τὴν
606 4120 647 4173 ‹ls-
664 4176 666 4185 Ι
685 4130 732 4179 pro
749 4118 842 4167 Flacco
861 4116 911 4165 13:
941 4120 1139 4182 Olympionices
1152 4132 1205 4170 erre
