2936 4804
545 354 660 404 maen.
699 352 807 405 canu.
834 352 870 402 11.
1154 348 1234 419 (539

269 515 315 581 Et
337 514 444 581 horna
466 514 555 581 dulei
577 516 656 580 vina
679 530 836 600 promens
857 512 966 597 dolio,

312 638 427 723 liapes
450 614 614 721 inemptas
635 639 795 722 apparett

269 760 346 825 Non
369 778 420 823 mo
442 760 587 825 interino
610 759 757 822 iuverint
778 756 957 844 conchylia
998 774 1001 779 ·

312 881 473 971 Magisve
496 879 654 945 rhombus
675 886 735 945 aut
754 881 862 964 seori,

270 999 309 1068 Si
333 1023 417 1089 quos
439 1003 522 1068 Eois
545 1005 698 1068 intonata
720 1001 876 1067 fluetibus

315 1126 431 1190 Hiems
452 1124 494 1189 ad
518 1123 583 1190 hoe
605 1128 719 1189 vertat
742 1143 852 1210 mare3

273 1246 349 1310 Non
364 1246 452 1311 Afra
466 1248 544 1311 svis
557 1244 742 1312 descendat
756 1248 789 1310 ln
804 1249 955 1310 venirem
972 1264 1076 1310 meum
1090 1291 1099 1329 ,

314 1369 390 1434 Non
413 1371 554 1456 attagen
576 1369 714 1434 lonicus
1210 1438 1214 1449 ¹

273 1489 471 1571 Iucundior,
495 1509 591 1574 quam
612 1490 701 1556 ieota
723 1490 765 1556 de
789 1492 1015 1576 pinguissimis
1192 1488 1233 1551 55

313 1609 411 1677 Oliva
432 1614 534 1676 ramis
555 1612 709 1676 arborum

198 1753 244 1804 ta.
264 1758 357 1803 verior
374 1751 407 1800 ii.
428 1751 567 1801 Heinsius.
589 1774 622 1786 -κ
657 1751 701 1801 ot.
722 1751 813 1801 ionius
832 1750 862 1800 i.

146 1865 171 1908 et
188 1858 271 1909 simul
288 1859 384 1908 seniles
406 1857 549 1908 nutriendo
569 1870 672 1908 recreo·
711 1863 801 1924 geticis
820 1859 891 1920 apud
912 1857 1013 1920 ippui.
1028 1858 1107 1921 hpol.
1132 1871 1159 1919 p.
1170 1858 1234 1909 isa.

145 1939 184 1989 tit
197 1941 280 1988 uires.
306 1937 381 1988 Haeo
398 1951 438 1988 me
450 1940 480 1987 in
493 1940 588 1988 itinere
602 1951 673 1987 roeo·
712 1939 801 1989 Oud.:
821 1938 931 1988 Seorum
943 1940 1081 1999 praetorii,
1104 1938 1237 1989 cerebrum

146 2020 244 2081 pitorio
264 2030 349 2081 prope
369 2014 514 2077 conlectum
534 2018 672 2081 confirmo·
710 2031 796 2081 prope
815 2017 880 2067 iool·
898 2019 1022 2080 supremi.
1054 2017 1162 2069 Petron.
1181 2018 1234 2068 93:

147 2097 201 2147 hul.
221 2096 319 2147 Pomm
331 2109 392 2145 uero
412 2109 471 2145 eum
485 2096 672 2154 domumoani,
715 2098 818 2147 Ultimis
840 2098 873 2147 uh
903 2098 957 2146 oris
975 2102 1108 2147 attractus
1133 2111 1235 2147 scarus.

145 2177 214 2226 nihil
227 2188 321 2227 aarum
336 2188 426 2224 rorum
442 2176 545 2234 inueni,
565 2176 610 2241 sed
625 2186 673 2237 po·
713 2204 744 2213 -
761 2174 905 2238 intonato]
926 2175 1033 2226 Seiehat
1054 2183 1114 2237 post
1135 2178 1237 2245 proeel-

146 2257 200 2304 tias
226 2256 323 2306 bellom
354 2255 507 2305 intestinum
533 2255 567 2304 oh
590 2266 674 2304 uxore
712 2258 750 2308 las
771 2258 862 2318 piures
886 2261 943 2317 oapi
966 2256 1051 2308 solere
1073 2268 1160 2307 scaros
1179 2253 1237 2320 (Sa-

146 2341 242 2385 eoniro
265 2348 305 2384 me
323 2338 515 2396 comparatum.
711 2338 775 2388 lust.
797 2336 899 2400 Fragm.
931 2335 1001 2395 apud
1028 2334 1117 2386 Schoi.
1141 2336 1235 2387 luven.

179 2414 314 2466 ts-is.
347 2412 484 2477 cratibus]
514 2418 673 2480 σηκοῖς,ο
712 2416 743 2477 l,
763 2416 797 2466 i:
817 2418 908 2477 ltaque
927 2418 1082 2475 tempestate
1099 2417 1139 2465 uls
1157 2415 1238 2476 pisel·

146 2494 292 2545 viminibus
305 2497 396 2552 neris3
415 2494 509 2542 caulos
525 2497 676 2556 quoquest
712 2511 756 2546 um
772 2496 858 2545 Ponto
876 2493 1006 2558 erupit.)‚·
1025 2498 1078 2544 iam
1100 2495 1153 2545 hoo
1176 2499 1238 2555 poe·

145 2581 240 2636 turpio
252 2573 392 2624 rotabant.
409 2597 439 2607 -
453 2570 578 2635 distento]
592 2572 675 2620 «Unci
713 2578 766 2626 iios
787 2578 825 2625 ita
848 2577 995 2635 expressit:
1025 2576 1070 2624 «si
1092 2579 1237 2635 tempestas

146 2653 244 2704 meliti
276 2653 329 2702 ille
359 2650 534 2717 tiresian
560 2652 675 2703 Erilli
714 2655 860 2717 proeeiiosa
875 2667 936 2704 oum
956 2657 1056 2705 tonitru
1072 2656 1099 2703 in
1113 2654 1238 2705 marelo-

147 2732 252 2782 iser.»
273 2733 339 2784 Voss
353 2739 380 2783 et
398 2731 495 2783 Gerre
512 2757 543 2768 -
577 2728 674 2794 horno]
714 2740 803 2786 nicum
817 2740 843 2787 et
860 2735 995 2785 Orientale
1014 2733 1091 2796 (Eois
1104 2733 1237 2801 fluetibus.

148 2812 212 2861 «Ad
237 2816 308 2865 ritae
340 2813 454 2863 rusticae
478 2811 676 2873 simplieitatem
715 2815 805 2879 Syriae
819 2816 974 2878 praesertim
984 2811 1003 2878 z)
1018 2816 1135 2863 immissa
1150 2826 1238 2864 scaros

148 2896 268 2954 pertinet
292 2894 463 2944 hermotimum
487 2895 579 2944 tinum
600 2890 676 2941 hibe·
715 2896 747 2945 ad
769 2897 820 2944 hoe
841 2908 913 2945 mare
933 2895 1100 2957 Tyrrhenum
1124 2891 1240 2955 compet·

149 2985 207 3023 re.»
228 2972 333 3022 Senon.
354 2997 386 3008 -
412 2968 495 3034 dolio]
515 2973 605 3022 vinum
629 2969 677 3019 do·
714 2976 777 3025 lat-u
798 2974 919 3023 Formam
932 2974 1056 3023 intonata
1076 2978 1108 3022 ut
1126 2973 1240 3035 singula·

147 3050 216 3103 liare
239 3053 358 3105 nondum
378 3053 406 3102 iii
427 3052 506 3102 cidiis
537 3051 674 3101 dimisum·
716 3069 770 3107 rem
793 3047 1085 3105 memoratPiiseianus
1102 3053 1133 3113 il,
1150 3052 1178 3102 7.
1206 3052 1239 3101 T.

146 3132 280 3182 Proculus
302 3132 490 3192 iCius1,15.
522 3132 554 3182 de
576 3132 676 3188 tritico,
715 3136 737 3185 1.
760 3148 787 3196 p.
800 3134 863 3183 455.
881 3134 929 3183 Kr.

147 3214 210 3261 rino
231 3217 258 3263 et
282 3211 341 3262 oleo
361 3211 431 3275 lep:
463 3212 496 3259 ln
517 3211 591 3259 dolio
613 3211 677 3259 olna
746 3212 883 3273 Ι53-56.
903 3210 970 3273 Afra
989 3206 1059 3271 ovis]
1079 3207 1241 3271 galiinaiiu·

148 3291 679 3353 commensuratumoteoitsport·
717 3295 831 3354 misico,
862 3291 1047 3342 Perlhulrn.
1092 3288 1241 3339 Schneider

147 3382 179 3419 en
204 3369 278 3433 (oum
297 3367 468 3433 delaeearint)
492 3371 679 3431 inamplrorar
718 3375 750 3424 mi
771 3373 875 3424 Colum.
901 3371 930 3432 8,
951 3368 985 3428 2,
1005 3370 1032 3417 2.
1053 3393 1083 3403 -
1114 3364 1239 3431 allapsu]

148 3452 174 3497 st
191 3449 475 3512 oodosdssundumus.
489 3475 522 3484 -
536 3444 677 3511 inemptus]
717 3452 967 3517 francolino,
987 3445 1181 3497 Birhhulrn
1200 3444 1241 3498 rei

148 3532 181 3576 ut
204 3540 287 3579 sonex
312 3528 356 3580 iiie
384 3529 544 3592 virgilianus
573 3528 622 3577 Ge.
646 3526 679 3586 l,
718 3530 908 3582 Auerhohn
928 3524 1038 3592 (Voss),
1058 3527 1143 3576 otalii
1163 3537 1242 3575 accu-

148 3605 221 3656 132:
247 3620 360 3671 seraque
380 3613 514 3659 reuertens
533 3607 616 3656 Nocte
634 3607 680 3655 do·
718 3615 819 3669 ratius,
845 3611 894 3659 das
910 3609 986 3658 rothe
1002 3606 1127 3671 pehaohte
1148 3604 1244 3654 Horol-

147 3698 220 3736 atuat
241 3688 358 3749 sopitur
370 3700 474 3738 mensos
492 3687 621 3736 onerabat
639 3686 680 3734 iii·
719 3692 802 3751 hoho,
823 3688 930 3739 Graecis
951 3693 1056 3736 nostrae
1077 3687 1171 3735 aetatis
1190 3699 1243 3734 τα-

149 3765 255 3827 emptis.
718 3767 829 3837 γενάρι.
865 3769 981 3820 Noverat
1018 3769 1069 3814 iam
1101 3763 1242 3824 Hipponax

182 3842 319 3894 tii-52.
340 3841 469 3907 Lucrina]
490 3847 585 3906 optimi
604 3854 680 3905 sepo·
719 3842 822 3904 Fragm.
843 3838 896 3888 26:
917 3834 973 3889 orire
990 3832 1122 3900 oirtdyoig
1143 3832 1243 3882 τεκαὶ

149 3923 187 3971 ris
216 3930 305 3974 ostrea
331 3937 346 3976 e
371 3914 434 3976 iaou'
448 3925 565 3975 Lucrino
597 3936 680 3985 prope
719 3917 815 3987 λαγώς
830 3913 1036 3985 καταβρύκων.
1062 3911 1178 3963 Metilii·
1197 3908 1242 3967 13.

149 4000 231 4052 Baias
244 4003 357 4055 Romam
376 4010 580 4068 apportata.·—
594 4005 681 4052 rhom-
719 4000 773 4050 61:
801 3998 874 4047 inter
902 4006 1013 4056 sopores
1035 3991 1121 4054 fertur
1150 3989 1244 4039 ollium

149 4078 209 4143 lua]
239 4084 348 4144 turbet,
377 4084 497 4135 Batia.
521 4109 552 4119 -
575 4078 679 4145 scarus]
716 4081 821 4142 primur
839 4077 991 4126 lonicorum
1019 4075 1114 4137 portus
1142 4073 1244 4131 otiapa-

149 4166 253 4226 torptt‚
268 4162 399 4214 Brorrs.
417 4190 446 4203 -
460 4164 599 4214 Enniusiu
613 4162 681 4214 Pha·
718 4172 824 4210 norum·
849 4182 879 4191 -
902 4156 980 4205 liaml
1003 4158 1135 4214 quatenus
1165 4148 1243 4199 haeai
