2908 4796
231 342 312 412 073
646 345 792 395 uonnrn
814 344 955 395 urooon

361 505 468 588 Geiii,
490 508 651 571 canentes
672 503 871 586 Ceesereur,

318 627 561 712 Hostiliumque
583 626 716 691 nuvium
739 627 839 709 portu
859 625 967 690 ietcnt

363 747 500 833 Puppes
521 747 747 812 sinistrorsum
768 747 865 811 citee.
1279 747 1324 806 20

289 870 333 918 io.
353 871 419 919 sitne
438 867 524 920 cuod.
541 866 663 929 Cruquii.
685 863 748 929 (uou
768 862 843 929 ose.)

238 988 342 1039 prosum
367 976 514 1025 orationem
540 971 683 1037 redoleret)
711 971 758 1023 sed
799 975 854 1033 riu,
882 980 912 1022 ut
931 974 985 1024 voit
1003 972 1161 1034 -Gesuerus‚
1189 975 1237 1033 red
1259 989 1321 1037 pre·

239 1061 352 1117 quarte.
384 1060 413 1104 ut
440 1058 480 1104 est
507 1055 534 1104 iu
553 1054 639 1105 'inciti
666 1053 758 1103 ioeoe
798 1056 870 1104 eurio
894 1059 1059 1114 assumptum
1085 1056 1119 1103 sit
1150 1067 1181 1106 ex
1199 1055 1270 1105 Aen.
1292 1055 1320 1113 8,

239 1135 348 1199 Regeiio
369 1132 485 1183 iudieuto
503 1134 574 1183 iun.
598 1132 647 1191 1³,
669 1131 705 1181 32
725 1131 759 1180 A·
797 1132 865 1182 otto:
897 1133 1037 1194 Cleopatra
1056 1134 1149 1194 patrio
1169 1137 1250 1182 ooeot
1272 1146 1322 1196 oq-

238 1214 366 1281 qrippino
384 1212 506 1262 libertam
525 1212 760 1263 annotant-atta-
797 1214 871 1263 mino
885 1214 980 1266 sistro.
1010 1214 1060 1262 uisi
1081 1211 1147 1262 iorte
1164 1218 1320 1272 corruptum

239 1308 288 1357 qne
303 1291 413 1341 eundem
425 1291 454 1340 in
471 1291 580 1341 modum
596 1291 760 1340 muliebriter
798 1298 838 1342 est
856 1305 886 1343 ex
905 1292 983 1341 ribito
1001 1288 1180 1354 (frementes).
1218 1291 1320 1342 Verum

238 1374 358 1438 fremere.
386 1369 438 1418 «At
451 1371 501 1420 hoe
514 1373 642 1432 imprimis
657 1376 759 1433 speetu·
799 1377 869 1421 reete
883 1371 1039 1421 Bentieiust
1061 1370 1175 1432 «Neque
1197 1370 1267 1419 tone
1288 1369 1320 1420 tie

239 1451 328 1503 cuium
357 1449 590 1512 indignissimum,
615 1454 759 1513 eunonium
798 1450 914 1500 Antonio
932 1453 1056 1512 occipere
1078 1453 1175 1511 poesis,
1197 1452 1243 1512 qui
1258 1463 1322 1500 uue-

239 1534 310 1581 iuter
321 1531 394 1592 rique
407 1530 539 1589 mititatis,
560 1526 640 1592 (quoe
661 1526 760 1599 ὥσπερ
798 1542 878 1591 quum
897 1536 974 1580 uuten
988 1532 1025 1578 sic
1037 1532 1194 1580 nominetur
1212 1533 1259 1595 eut
1274 1529 1322 1579 de·

239 1605 386 1676 ἱδρύματα
397 1606 474 1658 θεῶν
491 1607 556 1678 ἱερὰ
577 1607 758 1675 ἐνομίζοντο.
799 1609 938 1667 scribitor;
966 1622 1056 1671 oeque
1080 1608 1121 1659 Act
1145 1610 1213 1658 isne
1235 1614 1325 1658 uerte·

239 1688 320 1737 Dion.
348 1686 408 1736 Hui.
431 1687 465 1746 o,
489 1683 550 1750 to.)
582 1689 759 1739 detestuutesn
797 1697 862 1738 runt
880 1701 960 1753 equor
988 1687 1099 1749 perinde
1118 1695 1158 1740 eet
1175 1694 1256 1750 etque
1274 1689 1322 1738 ort·

239 1771 315 1818 cet.»
344 1790 375 1801 -
405 1765 484 1827 Quod
504 1765 630 1829 Reqeiiue
652 1781 683 1818 ex
706 1779 759 1817 uuo
797 1781 890 1817 cerem
917 1769 1028 1818 inser»
1057 1769 1130 1830 quoti
1155 1775 1321 1828 postremum

241 1846 306 1898 eet.
321 1845 407 1896 Vuud.
430 1848 532 1906 recepit
551 1845 606 1896 «At
624 1847 694 1896 tnnc
707 1853 759 1897 tum
799 1861 862 1899 seue
880 1850 1047 1899 verissimum
1063 1855 1111 1899 eet.
1139 1849 1255 1899 Bentleii
1274 1862 1322 1899 uu-

241 1925 550 1990 degeneremltomeuum
559 1931 758 1986 aspernenter»,
799 1935 852 1979 tem
870 1930 941 1977 cont.
959 1928 999 1978 Ari
1015 1929 1064 1978 ioe
1082 1942 1129 1990 uro
1144 1941 1238 1989 prosus
1252 1933 1320 1979 oret.

239 2006 380 2058 vixiocum
399 2003 480 2055 hebet
497 2010 558 2066 uost
576 2008 761 2067 interpositum
799 2007 831 2057 ob
851 2008 899 2056 too
926 2014 1035 2068 propter
1052 2007 1252 2070 ambiguitrteru
1274 2009 1323 2056 mi·

239 2089 367 2149 integrum
381 2084 761 2147 eteusuinmlnrerqne--eo-
799 2098 851 2137 nur
874 2087 1092 2137 commendentur
1117 2095 1176 2145 est4
1205 2098 1267 2136 curn
1287 2085 1323 2134 od
1425 2092 1431 2099 “

239 2166 356 2226 nonium
377 2164 479 2223 roone,
498 2167 571 2227 quod
590 2169 702 2226 optines
715 2165 761 2214 hu·
799 2166 846 2215 isoe
864 2165 927 2215 tiiiti
949 2167 1080 2229 significet
1097 2172 1269 2228 «praetereo,
1283 2167 1322 2214 iu·

240 2243 286 2295 bet
309 2245 481 2294 suctoritrtes
506 2248 651 2297 exteriores
682 2246 761 2295 mihi·
799 2256 907 2306 super.»
937 2270 968 2280 -
995 2245 1029 2293 V.
1060 2244 1200 2307 trementer
1216 2244 1321 2294 Corum.

240 2336 292 2385 que
311 2323 373 2373 oiim
386 2329 447 2384 post
457 2324 637 2376 Metueeirium
651 2325 759 2387 placuit,
799 2323 880 2385 Cruq.
899 2329 926 2374 et
942 2323 1036 2374 Lumo.
1054 2323 1172 2375 referunt
1184 2322 1219 2375 uti
1231 2335 1321 2387 equor,

239 2402 318 2454 rideo
338 2414 409 2452 nuuc
433 2402 505 2453 nulio
529 2405 608 2456 modo
637 2406 760 2466 expiicert
800 2402 947 2466 dequibus
965 2417 1028 2455 enne
1047 2404 1139 2454 crebro
1159 2409 1323 2464 usurpentur

240 2495 317 2544 posse
337 2481 443 2540 eiiiico,
461 2484 592 2543 stetim»,
611 2497 702 2546 neque
720 2496 760 2535 sn·
799 2495 840 2534 vv.
859 2481 970 2543 fremere
987 2489 1014 2533 et
1032 2482 1153 2544 frenitm
1165 2480 1323 2544 (seinos-

238 2566 273 2613 tis
295 2563 420 2611 convenit
437 2561 499 2610 huie
523 2561 582 2612 ioeo
600 2563 652 2613 trie
671 2559 761 2614 οἱσύν-
799 2561 874 2618 ben,
894 2560 1087 2625 φυσιόωντας
1104 2561 1180 2611 iiied.
1195 2560 1227 2620 ὁ,
1247 2559 1322 2623 227.)

238 2640 332 2691 ουτον.
367 2637 553 2690 -Proximemu
575 2640 660 2691 codd.
681 2641 761 2694 hebet
798 2638 845 2689 sed
865 2640 891 2689 h.
907 2639 925 2687 i.
942 2637 1080 2712 iniitque
1100 2646 1170 2690 esset
1184 2642 1320 2691 otiosume

237 2719 422 2767 euetorttutern
440 2716 518 2768 tectio
536 2718 572 2767 At
591 2720 658 2777 ine,
690 2733 761 2771 eom·
799 2721 950 2781 rectiusque
982 2717 1095 2770 reiertur
1126 2719 1160 2770 eti
1191 2731 1321 2769 sumnum

238 2795 363 2847 mendete
390 2807 405 2844 e
430 2795 524 2847 Gonu.
554 2798 662 2856 cnunc
703 2799 762 2848 «At
800 2797 934 2848 (initorum
962 2799 1028 2847 irem
1056 2804 1137 2859 etque
1164 2799 1322 2862 indignatio

239 2875 341 2931 Gniii»,
362 2877 461 2937 iuquit,
482 2882 634 2929 «verterunt
654 2879 714 2938 iere,
733 2879 759 2927 id
800 2891 870 2928 uem.
891 2902 923 2912 -
945 2877 1092 2937 veterent]
1110 2878 1212 2938 penult.
1236 2879 1321 2930 breti.

239 2960 289 3012 est,
310 2953 342 3004 ed
362 2967 411 3005 uos
430 2956 675 3007 trenetuieruntois
688 2957 760 3007 miiie
800 2982 831 2992 -
853 2952 935 3017 Goiii]
960 2962 1022 3006 suut
1045 2955 1247 3019 Gallograecis.
1272 2957 1323 3008 Ge·

240 3046 326 3095 equos
348 3033 520 3086 sternentes.»
549 3036 627 3098 Quod
651 3039 699 3086 etsi
721 3035 761 3085 tit·
800 3037 867 3086 lutee
880 3035 1000 3086 Deioturi
1018 3038 1138 3086 minoris.
1166 3036 1237 3087 Piut.
1257 3036 1320 3087 Aut.

241 3119 312 3164 ctum
329 3113 384 3164 iere
407 3120 457 3173 est,
478 3121 509 3164 ut
531 3115 625 3167 Veiieii
648 3114 714 3165 iiiud
733 3115 759 3174 ὓ,
799 3114 844 3164 tte.
872 3120 933 3164 ente
959 3126 1093 3177 pugnum:
1124 3115 1267 3183 ἐγένοντο
1292 3113 1323 3166 ot

239 3192 302 3252 iii„
323 3191 394 3255 quod
413 3206 472 3244 mox
484 3195 670 3255 ascribemus,
689 3192 761 3243 Hinc
799 3196 849 3246 καὶ
862 3191 1009 3256 βασιλέων
1025 3191 1208 3257 ἀποστάσεις
1224 3188 1322 3260 Ἀμύν-

240 3272 277 3321 od
300 3272 444 3321 Antonium
465 3277 534 3332 cet,
567 3272 647 3323 hebet
673 3276 762 3323 temen
800 3288 853 3324 του
883 3271 934 3322 καὶ
952 3269 1123 3342 Δηιοτάρου
1149 3270 1225 3341 πρὸς
1252 3272 1323 3324 Kai-

241 3354 330 3401 uescio
361 3351 425 3413 quid
458 3345 574 3422 ἀκύρου
601 3357 628 3401 et
657 3351 761 3401 obscuri
800 3367 888 3422 σαρα.
913 3350 981 3402 Veii.
996 3352 1028 3411 2,
1049 3351 1100 3401 ot:
1119 3350 1191 3401 Hine
1214 3353 1252 3401 oet
1269 3351 1323 3401 An·

239 3444 290 3482 uec
307 3433 372 3480 eutis
391 3431 517 3483 cohaeret
534 3444 595 3480 eum
607 3444 686 3493 seqq.
705 3430 760 3479 Ho·
800 3426 902 3480 ionium
917 3442 1013 3484 nemo,
1034 3431 1108 3480 illine
1122 3430 1164 3479 od
1182 3428 1324 3480 Cursorem

238 3511 399 3572 utiliumque.
419 3510 519 3571 Tertio,
540 3524 620 3574 quern
639 3512 760 3573 pierique
800 3509 894 3559 cotidie
906 3508 1223 3574 aliquitronefsqiebont.
1245 3508 1339 3560 «Gui-v

240 3596 399 3653 sequuntur,
418 3591 459 3639 Ao
471 3590 548 3651 iuno,
568 3594 662 3641 nititur
670 3597 761 3641 eucto-
792 3590 839 3639 ios
856 3588 918 3639 ideo
937 3594 1141 3654 commemoret,
1167 3594 1199 3637 ut
1218 3589 1322 3650 puriore

240 3673 316 3721 ritete
336 3668 420 3719 Codri.
438 3669 510 3719 houd
528 3681 687 3730 poturorum,v
697 3669 761 3720 Por·
799 3670 886 3732 puiset
914 3670 1016 3718 enimes
1043 3668 1243 3722 Romanorum,
1276 3669 1322 3731 qui

241 3750 377 3814 phyrionis
392 3753 420 3799 et
432 3748 555 3809 Aerouis,
571 3753 616 3812 qui
629 3755 760 3810 sequente
799 3749 869 3811 pessi
887 3752 949 3797 suut
966 3750 1093 3798 servitute
1107 3747 1242 3798 recubitet
1263 3760 1322 3808 epe·

240 3835 364 3889 experte
384 3828 478 3878 ieuuto
497 3823 651 3890 (couversos
664 3829 761 3878 liorue·
799 3827 924 3887 donibus,
944 3827 970 3876 id
990 3827 1062 3889 queo
1082 3825 1149 3876 (iniit
1167 3831 1230 3877 suut
1247 3827 1322 3877 dedi·

241 3920 305 3957 num
325 3909 364 3959 sio
382 3904 591 3971 degeneremzn)
611 3908 758 3970 expiicnut:
799 3910 898 3972 gnoti.»
917 3906 1012 3957 Gonu.
1026 3907 1112 3965 Gneo.
1134 3932 1163 3942 -
1188 3902 1321 3968 comnia]

243 3986 353 4048 «liquos
380 3988 506 4037 adversus
531 3988 676 4037 Autouiuru
700 4000 760 4038 cum
800 3987 890 4037 «iuetu
912 3999 973 4037 cum
999 3987 1188 4037 sceiumuttone
1225 3985 1322 4035 trienti-

241 4066 317 4113 sistro
334 4072 550 4117 converterunt.»
570 4062 704 4129 (ceterum
722 4069 761 4117 ri·
800 4065 859 4116 dem
885 4065 1024 4117 Caesarem
1046 4065 1211 4124 eeiuteutes,
1241 4063 1322 4115 Soloe

242 4143 275 4193 de
296 4156 330 4195 ue
350 4145 456 4195 sisterem
474 4146 539 4196 tiiud
557 4156 610 4195 nou
632 4158 662 4196 ex
680 4146 761 4196 hirto·
777 4128 783 4205 Ι
800 4145 918 4195 Cursori
937 4145 1090 4205 clementes,
1104 4150 1134 4193 ut
1153 4145 1199 4207 qui
1218 4146 1322 4194 ineius
