2900 4820
215 375 291 442 133
591 375 738 426 nounru
758 375 944 428 einumuu

369 588 376 602 .
401 558 410 577 ·=
424 522 574 602 Portare
587 538 717 622 ventis,
739 537 812 620 quis
833 522 1025 602 suossnrcto

338 642 355 755 λ’
466 658 542 723 Rex
563 655 696 746 gelidae
710 650 884 739 metuatur
907 675 1004 736 orae,

303 818 313 841 .·
381 778 468 863 Quid
491 778 663 844 Tiridaten
686 782 829 855 terreat,
850 779 947 843 unice

382 898 540 968 Securua
583 897 634 985 0,
657 918 742 984 quae
763 898 913 964 fontibus
935 900 1077 988 integris

170 1166 174 1172 .
266 1131 293 1178 5.
314 1126 473 1190 Tpradatem
491 1129 501 1172 t
519 1135 580 1175 cum
600 1121 631 1172 G.
659 1120 788 1171 Fabricio.
834 1120 981 1170 Tiridatem
1009 1132 1068 1170 cum
1089 1121 1173 1173 itione
1193 1122 1291 1173 Gesne-

215 1212 270 1250 rue.
309 1196 362 1248 Sed
385 1197 497 1245 Luciun.
518 1193 587 1244 Dial.
609 1206 674 1243 mer.
695 1191 722 1249 9,
742 1191 775 1239 2:
796 1188 962 1260 Τιριδάταν.

252 1397 277 1446 3.
302 1397 412 1446 Portare
433 1394 537 1454 centis]
568 1395 735 1455 Frequenter
774 1393 841 1441 risse
860 1396 931 1441 recte
948 1398 1058 1440 censent
1083 1389 1220 1454 Virgilium
1242 1391 1290 1443 Ge.

215 1481 295 1529 etlam
312 1475 524 1537 npudGrnecos.
544 1471 733 1535 Apellamllh.
773 1470 800 1529 a,
820 1468 889 1518 iiii:
917 1465 1029 1532 (Verum
1051 1467 1212 1533 eapientem)
1238 1482 1293 1518 nan

216 1559 249 1617 1,
270 1555 359 1604 itai:
379 1548 441 1605 ἀλλ’
459 1550 596 1617 ἀνέμοισι
614 1550 736 1616 [triopae
770 1561 894 1611 purpura
903 1560 997 1610 reputa
1005 1546 1080 1612 fleuit
1094 1553 1120 1596 et
1130 1549 1224 1613 infidae
1238 1549 1293 1613 api

214 1630 396 1700 circulatoriae.
431 1632 545 1682 Theocr.
576 1632 629 1692 22,
661 1629 735 1678 167:
774 1632 835 1676 tanc
857 1626 992 1676 discordia
1010 1624 1156 1687 fratreaid
1170 1633 1218 1686 eet,
1232 1641 1293 1678 cou-

208 1710 306 1764 ³lauou
334 1708 431 1762 τοιάδε
457 1708 559 1761 πολλά·
590 1705 627 1761 τὰ
654 1709 677 1758 d’
696 1709 738 1769 εἰς
773 1708 931 1769 sanguineos
949 1706 1089 1756 Phraatem
1108 1712 1134 1758 ct
1146 1707 1293 1766 Tiridaten,

216 1787 310 1862 ὑγρὸν
324 1784 417 1857 ᾤχετο
436 1790 519 1855 κῦμα
529 1788 625 1855 livori
641 1779 737 1858 ἔχοντ’
774 1785 927 1836 Arsacidum
950 1791 1103 1849 utrumque.
1132 1782 1218 1850 (Falso
1234 1788 1294 1837 olim

216 1864 351 1934 ἀνέμοιο.
381 1868 525 1927 Tibulli,
546 1868 572 1928 5,
595 1867 647 1916 35:
666 1878 737 1914 uuae
775 1866 957 1926 explicabant:
979 1865 1123 1926 «Quisnam
1136 1873 1295 1918 neumatum

215 1950 354 2011 Eurusque
366 1948 499 2010 Notusque
510 1949 598 1997 lactat
610 1946 738 1995 odoratos
773 1946 888 1994 incutiat
911 1947 1012 2007 regioni
1034 1943 1155 2007 boreali,
1189 1947 1215 1996 id
1245 1952 1294 2004 eet,

216 2032 280 2077 uota
291 2043 339 2091 per
352 2027 501 2078 Armenios.
522 2027 600 2078 Ouid.
618 2026 698 2076 Triet.
710 2026 736 2083 i,
755 2052 757 2065 ‹
775 2026 840 2085 ipsis
854 2024 1026 2085 popularihue
1038 2026 1128 2084 euis»;
1150 2039 1229 2087 quam
1241 2024 1296 2074 lon-

217 2108 244 2167 2,
262 2108 312 2158 15:
344 2108 530 2171 Terribilesque
553 2108 637 2157 Notae
654 2107 740 2155 iactat
775 2104 956 2167 guidissimnm
989 2106 1180 2165 expositionem
1211 2112 1297 2165 nuper

215 2200 275 2236 mea
291 2192 357 2236 uota
369 2200 520 2249 precorque.
776 2198 868 2235 rursus
891 2183 1012 2246 probavit
1034 2185 1160 2235 Diinizer.
1199 2184 1252 2235 Sed
1275 2187 1296 2234 si

777 2271 847 2315 esset
868 2264 921 2326 τίς,
946 2263 1085 2314 ridiculam
1104 2265 1172 2314 hauc
1192 2269 1296 2314 oenten-

252 2342 278 2392 3.
303 2345 349 2394 «A
369 2344 466 2408 quibus
491 2359 535 2395 rex
554 2344 656 2407 gelidae
677 2354 738 2391 orae
776 2346 840 2393 tium
858 2345 1020 2393 contineret:
1040 2349 1129 2394 utrum
1142 2343 1297 2407 Scytharum

217 2423 266 2473 sul)
290 2425 479 2485 Septentrione
504 2426 621 2485 poeitae,
642 2422 668 2472 id
688 2429 737 2481 eat,
777 2437 831 2484 rex,
843 2436 876 2473 nn
887 2424 954 2473 nlius
965 2425 1041 2486 quisi
1053 2424 1118 2485 Quia
1128 2425 1197 2485 plur.
1208 2428 1296 2474 autem

218 2503 375 2566 Scytharum
399 2517 444 2555 rex
463 2508 643 2560 metuatur»,
670 2501 739 2550 scili·
778 2509 818 2554 eet
835 2506 914 2555 etiam
930 2505 1017 2565 Epod.
1033 2504 1060 2564 P,
1071 2505 1114 2555 11.
1132 2511 1160 2556 et
1176 2505 1297 2555 sericein

218 2586 261 2632 cet
282 2579 319 2645 (id
334 2583 406 2644 quod
420 2596 467 2643 per
484 2577 661 2647 ἐπεξήγησιν
673 2580 738 2629 adii·
778 2584 879 2634 Satiris.
899 2582 986 2634 Verha
998 2598 1060 2636 vero
1072 2585 1144 2646 Quid
1158 2583 1298 2634 Tiridaten

219 2662 296 2729 citur)
316 2679 330 2715 a
349 2663 466 2717 Tiridate
484 2666 597 2723 eiusque
621 2661 737 2712 asseclis.
777 2670 876 2714 terreat
896 2666 1004 2715 minime
1021 2663 1217 2730 ταυτολογίας
1236 2666 1299 2713 inei·

218 2748 313 2797 lustin.
324 2743 369 2803 ih,
382 2744 418 2793 5:
442 2742 561 2791 Victoria
578 2742 610 2790 de
622 2739 739 2789 Auianio
778 2744 872 2794 molari
889 2749 1009 2805 queunt,
1032 2756 1091 2793 cum
1111 2744 1169 2792 siue
1186 2745 1298 2793 interro-

217 2824 376 2876 intoleutior
402 2821 551 2874 Phraaten,
582 2820 739 2869 Parthorum
778 2825 882 2886 geilone
905 2822 956 2870 hoc
976 2822 1026 2872 sibi
1046 2822 1144 2873 velint:
1170 2829 1299 2884 «preater

219 2916 273 2961 rex,
287 2902 415 2954 redditur,
430 2914 489 2948 cum
499 2900 587 2949 muita
599 2899 741 2948 crudeliter
779 2915 867 2965 regem
884 2902 1040 2964 Scytharum
1058 2901 1190 2953 Tiridates
1206 2904 1298 2953 metuit

220 2982 377 3033 consederet,
395 2980 544 3031 inexilium
556 2979 740 3041 apopuloruo
778 2980 961 3030 infidelitatem
991 2985 1071 3043 atque
1104 2982 1213 3032 insidiae
1236 2981 1298 3031 Par·

216 3062 337 3124 pellitur.
350 3061 510 3122 ltaquecum
517 3071 614 3123 mapua
625 3062 741 3122 tempore
779 3062 885 3110 thorum
900 3063 1029 3122 ipsorum,
1045 3061 1142 3121 quihue
1157 3074 1228 3111 nunc
1241 3073 1299 3122 prc-

218 3141 345 3206 finitimae
362 3140 499 3191 civitates,
527 3138 564 3186 ad
577 3142 742 3198 postremum
779 3142 849 3190 cario
867 3142 1030 3200 imperitat.»
1050 3139 1105 3191 Cir.
1121 3141 1186 3190 illud
1200 3142 1299 3191 Lucani

219 3220 330 3284 Scythae
339 3216 619 3282 precihutfatipaeeet,
633 3217 741 3279 Sopita-
778 3219 805 3278 5,
826 3219 878 3269 55:
906 3218 1009 3280 pelidae
1026 3220 1165 3268 domiuum
1184 3220 1301 3268 Rhoecu-

219 3313 278 3349 rum
291 3301 409 3349 monimo
425 3299 527 3347 aueiiio
545 3299 741 3362 iurepnumre-
776 3299 856 3360 paria
875 3310 946 3346 orae.

219 3380 352 3429 rtituitur.
368 3377 637 3439 Hecataeaterepera
648 3377 742 3426 Partiri
813 3376 839 3426 5.
867 3373 962 3437 unice]
993 3387 1120 3436 «proreue
1138 3379 1301 3435 incuriosus,

222 3459 359 3508 Tiridaten
389 3458 520 3519 quendam
537 3458 739 3508 carutitueraut,
778 3457 842 3507 dum
867 3455 985 3518 volgares
1012 3457 1133 3508 homiues
1160 3458 1242 3508 multu
1271 3470 1302 3509 ea

220 3540 267 3600 qui
279 3539 372 3587 audito
384 3536 501 3586 aduentu
513 3536 667 3599 Scytharum
683 3549 742 3585 cum
779 3536 813 3586 de
832 3548 859 3585 rc
878 3535 1035 3597 loquuntur.
1045 3550 1058 3580 a

220 3629 321 3679 mapna
338 3618 485 3665 amicorum
502 3630 584 3665 mauu
601 3614 638 3664 ad
648 3614 742 3663 Caesa·
813 3612 840 3663 a.
860 3613 984 3677 iuteprir]
1000 3610 1177 3685 «ἀκηράτοις
1195 3611 1299 3678 (Eurip.

221 3698 313 3745 reatin
324 3692 592 3757 Hispaniamiailum
603 3684 666 3742 tuuc
681 3699 743 3743 tern-
780 3693 888 3754 Hippoi.
913 3689 992 3757 73.),
1017 3707 1032 3743 a
1049 3695 1157 3744 nemine
1175 3696 1302 3744 contami·

219 3776 295 3836 parit
304 3781 435 3838 perentam
453 3772 509 3838 (scd
529 3774 589 3825 vide
604 3786 743 3836 argumen-
780 3777 858 3833 natis,
871 3776 943 3834 puris
956 3779 1037 3835 atquc
1057 3773 1162 3824 illibatis
1177 3788 1209 3832 ς»
1230 3775 1301 3826 idem

222 3850 312 3916 tumr)
338 3853 469 3917 prorupit.
508 3854 562 3905 Cir.
586 3856 638 3904 Dia
668 3854 740 3904 Cass.
780 3854 919 3916 significat,
934 3852 1008 3915 quad
1028 3851 1124 3916 fidibus
1140 3855 1226 3907 uouit,
1246 3865 1302 3904 cer·

222 3934 422 3993 51‚18.ec53‚
440 3935 483 3984 33.
505 3936 598 3987 Sermo
611 3940 668 3985 crat
679 3940 743 3983 tunc
780 3935 883 3983 minum
901 3946 982 3995 genua
1005 3945 1112 3984 norum.
1144 3933 1252 3984 Lucret·
1273 3932 1301 3990 i,

221 4010 258 4075 (a.
272 4013 334 4063 teo.
351 4019 379 4064 et
394 4011 468 4078 731.)
489 4014 648 4074 cotidianus,
662 4026 741 4075 quem
780 4013 813 4062 S:
832 4013 910 4061 iuuat
927 4012 1046 4074 iuteprar
1066 4012 1190 4062 accedere
1205 4010 1301 4073 scater.

223 4095 323 4145 cultum
350 4094 487 4145 habiturae
508 4095 596 4145 iuraui
620 4108 660 4145 ree
679 4093 742 4145 Par·
781 4092 851 4155 Virg.
872 4090 922 4142 tle.
943 4090 1055 4149 2173:
1075 4096 1198 4145 sacrator
1217 4104 1302 4141 aeuus

221 4174 319 4224 thicae.
351 4173 392 4223 hd
414 4174 520 4225 eaedem
541 4175 632 4225 turbae
654 4186 742 4234 rcepe-
781 4170 915 4221 recludere
932 4171 1025 4231 foetu.
