2908 4796
220 319 299 389 688
493 316 496 325 '
603 325 750 376 uoaarn
772 328 913 380 uuonan

305 482 431 565 Quodsi
455 486 535 550 meir
556 488 725 553 inaestuet
748 488 955 574 praecordiis
1270 490 1311 548 15

346 607 468 673 hibera
491 608 582 692 billa,
604 612 641 672 ut
663 608 746 675 lraee
768 612 903 698 ingrata
926 613 1040 676 nentia
1062 610 1192 676 dividat

305 728 467 793 Fomenta
488 729 610 793 volnus
633 733 677 794 nil
701 718 817 795 malum
840 733 1008 817 levantia,

346 849 488 916 Desinet
510 852 689 936 imparibus
711 855 843 918 certare
864 856 1047 918 summotus
1071 853 1188 936 pudor.

303 969 369 1037 Ubi
391 971 475 1037 haee
497 990 640 1036 severus
662 979 695 1036 te
720 975 826 1056 palam
848 973 1083 1057 laudaveram,

346 1094 462 1158 luanus
483 1094 576 1160 abire
599 1093 727 1159 domum
750 1094 885 1161 ierelrar
906 1099 1036 1162 incerto
1060 1096 1146 1181 pede
1207 1178 1212 1183 θ
1263 1100 1307 1160 20

270 1289 313 1339 15.
331 1290 465 1339 inaestuat
492 1289 533 1339 lte.
572 1315 599 1325 —
639 1290 681 1340 iii.
708 1297 799 1340 ventur
829 1290 914 1340 Codd.
941 1293 1003 1351 aliq.
1031 1287 1099 1352 (aon
1131 1291 1239 1356 nostrl.)
1272 1321 1304 1330 -

218 1359 260 1408 17.
282 1360 428 1409 allevantt'a
443 1371 503 1408 oum
523 1359 607 1409 Codd.
628 1361 689 1422 aliq.
711 1359 866 1410 Glareanus.

217 1522 252 1571 27
262 1559 270 1581 ‚
289 1521 324 1571 3:
349 1523 577 1584 onerandampae
596 1522 739 1574 lineolam.
777 1521 875 1585 βυθὸν
896 1519 946 1574 οἷα
968 1522 1122 1589 θαλάσσης
1144 1518 1304 1595 :trapam

219 1626 250 1636 -
271 1599 345 1664 loeo]
378 1615 430 1652 «ex
449 1604 543 1651 intimo
565 1605 672 1664 auimo,
694 1604 740 1652 ubi
758 1659 761 1673 Ι
776 1597 926 1672 ἀχάριστα
935 1598 1104 1674 κατέρῥεεν.
1123 1604 1209 1654 Plaut.
1224 1603 1301 1656 Astu.

219 1683 271 1730 mei
290 1682 386 1731 amoris
402 1692 498 1730 areana
517 1682 624 1731 eondiia
636 1689 739 1732 eraut.»
778 1683 804 1739 1,
821 1682 847 1740 2,
863 1682 915 1730 iil:
938 1681 1051 1744 inarata
1065 1686 1145 1745 atqae
1156 1683 1239 1732 irrita
1250 1697 1303 1734 esre

253 1759 383 1809 15-18.
409 1757 558 1821 inaestuet]
592 1762 741 1810 ‹tinoande-
778 1762 869 1809 omnia
892 1760 1020 1822 intellipo.
1048 1784 1079 1795 -
1104 1759 1223 1824 dividat]
1254 1767 1302 1814 «tn

147 1828 156 1842 ‘
218 1844 284 1896 seat,
306 1845 437 1890 commota
456 1837 563 1888 tuerit.»
584 1839 688 1888 Senon.
708 1865 737 1874 -
777 1852 854 1888 auras
874 1838 1041 1901 dispergat.»
1068 1839 1302 1902 apopempa-

139 1914 148 1927 '
217 1918 315 1966 Libera
333 1915 403 1980 bilia]
425 1918 511 1979 Epod.
525 1917 552 1977 lt,
568 1919 622 1967 to:
639 1919 740 1968 liberri-
778 1930 867 1978 peram
881 1924 969 1967 tamen
986 1918 1105 1968 addens:
1123 1933 1136 1964 a
1145 1920 1222 1969 nihili
1236 1933 1302 1981 pen-

215 1990 435 2061 nratndipnatio.
460 2021 485 2029 -
512 1997 590 2047 olloe
608 1999 657 2047 tlbt
676 2004 740 2047 tuno
777 1997 855 2047 dat.»
892 1997 963 2047 Ntlrli
983 2000 1053 2047 enlm
1074 1999 1149 2048 aliud
1170 2001 1303 2062 signifieat

217 2074 306 2126 dicere
321 2076 455 2127 solebamz
476 2077 578 2138 Quodsi
594 2078 739 2140 aliquando
775 2079 860 2126 uentis
878 2077 995 2126 dividere
1013 2089 1095 2138 quam
1115 2078 1221 2129 «iibere
1241 2093 1302 2141 pro-

216 2159 270 2203 tam
289 2155 372 2207 libera
392 2157 574 2220 indignatione
587 2163 669 2219 nique
688 2160 739 2206 ira·
777 2155 844 2205 ierre
875 2155 1056 2217 querimonias
1086 2157 1120 2207 de
1148 2160 1233 2207 amita
1258 2172 1301 2208 su-

216 2234 459 2295 eundtaeraraero‚
481 2244 511 2287 ut
528 2240 659 2289 exsecrant
681 2240 738 2298 ipse
776 2234 857 2294 perita
886 2234 1008 2295 altosque
1037 2241 1168 2286 amatores
1198 2235 1301 2296 praete·

216 2315 315 2374 possim
331 2328 411 2365 vanas
433 2328 509 2377 spes,
537 2318 636 2378 qulbus
656 2317 737 2367 veluti
776 2318 865 2370 rente;
878 2329 891 2358 »
911 2315 938 2362 tu
952 2327 1005 2375 quo
1026 2316 1083 2375 ipso
1101 2316 1170 2365 inest
1187 2329 1301 2364 stamma·

215 2392 338 2443 lomentis
356 2398 426 2457 gravi
443 2398 541 2445 amoris
556 2395 669 2447 lnieliota
685 2395 738 2446 rol·
775 2400 817 2442 tar
830 2394 919 2455 pudor
937 2390 1122 2457 (δυσωπία),
1152 2398 1198 2457 qui
1217 2402 1297 2446 autea

215 2474 273 2523 ueri
287 2473 387 2524 mederi
404 2474 502 2525 trustra
520 2477 609 2525 adhue
627 2482 737 2525 conatus
776 2477 880 2532 poetam
900 2474 1093 2534 impedirent,
1128 2486 1182 2534 quo
1212 2477 1300 2524 minus

214 2565 287 2610 rum,
308 2554 400 2616 ltaque
418 2568 478 2615 eae,
500 2561 593 2616 utpote
613 2555 678 2604 nilrlt
695 2568 737 2604 me
775 2554 801 2600 ln
821 2552 957 2615 luaoltiam
973 2551 1154 2602 inveheretur.
1186 2552 1235 2603 llio
1253 2566 1299 2602 au-

215 2633 345 2689 turanter‚
365 2635 392 2680 tu
406 2640 498 2683 ventos
510 2634 668 2696 dispergam,
689 2634 736 2694 qui
774 2636 827 2681 iem
849 2631 1084 2681 lamentationibus
1103 2631 1187 2682 libere
1206 2632 1298 2682 eilusis

215 2722 259 2758 eas
276 2721 368 2760 seeum
386 2712 523 2771 autemut,
550 2716 589 2762 alo
610 2713 736 2762 lnaelrlae
775 2710 927 2761 needolore
941 2723 989 2771 per
1007 2713 1172 2761 reticentiam
1191 2725 1299 2773 exaspe-

213 2789 366 2848 superatam
389 2790 550 2852 detestatus,
569 2805 626 2842 eam
648 2805 736 2842 amare
775 2797 848 2850 rato,
872 2789 987 2840 solemus
1010 2803 1058 2839 nos
1078 2792 1186 2841 sinistro
1208 2803 1297 2842 amore

213 2868 320 2918 taudem
348 2870 494 2922 desinam.»
527 2898 557 2907 -
594 2868 736 2934 (Fomenta
774 2870 906 2921 liberare.
931 2873 978 2933 qui
1004 2871 1077 2919 auria
1100 2870 1297 2932 quodammodo

212 2960 354 3008 nunquam
373 2963 421 3001 nos
441 2951 549 3013 quidem
579 2953 737 3011 iuterpreta—
773 2950 951 3000 traditusnoa
969 2950 1107 3012 relinquit.
1137 2948 1188 2998 Od.
1207 2949 1296 3009 istit,

212 3025 301 3077 bimur
316 3029 349 3079 de
366 3032 504 3088 conviviis,
522 3043 582 3079 oum
596 3033 649 3080 rint
659 3029 735 3092 longe
773 3029 805 3077 1:
845 3030 984 3078 tristitiam
996 3053 1007 3062 -
1024 3029 1144 3079 Tradam
1156 3052 1168 3064 ·
1183 3028 1297 3078 Portare

212 3107 263 3156 alta
278 3109 384 3157 amona
396 3109 499 3160 adversi
526 3111 635 3166 solatia,
657 3110 735 3157 nimi·
772 3108 867 3155 oenttr.
889 3108 966 3157 Ovid.
980 3107 1047 3158 llet.
1066 3107 1093 3167 8,
1108 3106 1179 3156 tat:
1199 3108 1297 3157 inania

212 3197 270 3234 rum
289 3198 349 3246 spes
360 3185 464 3237 iallaoes
478 3193 506 3239 et
516 3189 652 3249 querelae.
672 3186 735 3235 Pro·
771 3189 843 3234 venti
860 3187 942 3235 Verba
959 3188 1058 3251 ferunt.
1081 3186 1146 3236 ller.
1166 3186 1210 3245 15,
1221 3186 1293 3236 208:

212 3264 269 3323 prie
287 3270 376 3314 autem
401 3267 452 3316 hoo
470 3268 636 3317 medicorum
658 3277 735 3316 voca·
772 3272 796 3314 et
818 3264 1027 3329 Zeptprtoatda
1055 3266 1155 3316 cadara
1182 3264 1295 3326 ferant?

212 3340 275 3391 bulo
294 3338 444 3405 (Verband,
473 3343 633 3410 Umsolrlr'ipe)
652 3347 735 3392 utitur
771 3344 840 3395 Mire
863 3347 972 3395 omniuo
993 3346 1114 3408 plerique
1132 3351 1194 3395 suut
1214 3349 1295 3397 inter·

211 3419 280 3481 app.
296 3422 322 3482 i,
335 3423 362 3481 2,
373 3423 422 3472 52:
441 3423 558 3485 fomenta
569 3425 732 3488 podapram,
771 3425 866 3484 pretati
878 3423 1008 3474 Fomenta
1029 3425 1091 3483 iiia;
1111 3425 1144 3476 do
1154 3426 1295 3477 lilitselrer·

210 3500 322 3562 figurate
345 3502 667 3565 rursusapp.=t‚3,aa:
688 3516 734 3551 oa·
770 3502 852 3553 iiohto
879 3505 1000 3554 consulto
1025 3511 1112 3554 taceo.
1150 3505 1204 3556 Sed
1225 3506 1294 3557 lioe·

209 3591 304 3628 raram
327 3582 465 3645 fomenta,
493 3583 627 3634 «remedia
649 3589 676 3632 et
692 3595 733 3631 so·
770 3585 842 3645 ring:
855 3582 1069 3645 «itaeoiomenta
1080 3585 1197 3647 intellige
1208 3598 1292 3646 opem,

209 3654 346 3721 latia-n)-
365 3659 486 3724 inarata]
504 3675 648 3725 «quorum,
669 3664 731 3724 qula
769 3674 838 3725 quae
852 3666 909 3713 eius
923 3664 951 3710 in
968 3663 1105 3712 luaoltlam
1118 3677 1235 3713 amorem
1248 3663 1294 3711 ad·

208 3735 305 3788 trustra
325 3738 514 3793 admoiaauut,
539 3755 580 3792 me
605 3744 658 3791 tam
677 3747 732 3792 iae·
769 3741 822 3791 huo
847 3745 1014 3798 nutriverat:
1048 3748 1201 3803 speraverat
1222 3744 1293 3791 enlm

209 3816 254 3867 dei
275 3819 430 3880 pigetque.»
458 3821 517 3872 Non
543 3828 615 3871 tam:
643 3823 731 3870 anihil
769 3821 844 3881 iore,
876 3827 905 3870 ut
928 3822 1035 3871 Inachia
1061 3821 1206 3872 candidum
1229 3834 1293 3882 pau·

208 3898 306 3957 gratiae
326 3899 396 3960 apud
418 3900 553 3953 luaoltlam
574 3903 729 3963 habentia»,
769 3903 839 3962 peris
864 3903 1000 3964 ingenium
1026 3902 1151 3951 ditiorum
1177 3902 1293 3951 muneri·

209 3979 239 4022 ut
258 3976 312 4025 volt
333 3977 438 4037 schol,
462 3995 555 4044 quam:
582 3983 668 4031 ontlrli
687 3994 730 4031 me
769 3980 817 4029 bus
842 3980 1007 4041 praeierat.»
1044 3981 1134 4043 Longe
1166 3981 1291 4042 pinguius

208 4054 343 4115 iurantia,
381 4071 596 4121 supervacanea,
628 4056 731 4132 ἀχάρι·
769 4060 843 4108 HR:
870 4059 1022 4110 «Fomenta
1040 4066 1102 4110 sunt
1123 4063 1180 4120 ipra
1203 4061 1292 4110 oonri-

207 4144 297 4179 ora-t
327 4133 431 4186 Gallim.
451 4139 511 4192 Cer.
532 4143 582 4194 ao:
602 4137 639 4191 τὰ
657 4140 682 4191 ὁ*
699 4140 730 4202 ἐς
767 4140 825 4199 ria,
851 4139 992 4200 solatium,
1022 4139 1095 4201 quod
1114 4153 1145 4190 er
1164 4140 1291 4191 conatalis
