2936 4804
9 1468 11 1547 i

93 2072 99 2081 ,

530 291 531 294 ¹
565 332 699 384 muru
737 332 767 383 c.
788 332 847 382 vu.
1173 332 1253 400 557

210 493 328 563 Gratis
349 512 421 561 eum
445 493 609 582 Nymphis
630 492 839 583 geminisque
859 492 1032 558 sororibus
1053 490 1155 557 sudet
1231 493 1250 553 5

336 615 467 687 Ducere
489 615 579 680 nuda
601 614 734 681 choros.

187 738 413 803 immortalia
435 754 477 801 ne
499 755 634 821 speres,
656 736 768 799 monet
790 753 902 799 annus
921 737 956 798 et
977 734 1095 799 almum

337 855 432 939 Quae
455 859 543 941 rapit
566 856 649 921 horo
670 855 767 920 diem.

211 1016 355 1105 Frigore
377 1017 555 1082 mitescunt
578 1014 771 1101 Zephyris;
791 1032 853 1078 ver
875 982 1154 1098 protensiones

296 1137 498 1223 Interdum,
519 1137 615 1200 simui
1213 1136 1253 1197 10

210 1257 360 1323 Pomiier
375 1257 593 1327 Austumuus
613 1258 732 1347 fruges
755 1258 928 1341 effuderit,
949 1262 983 1325 et
1005 1280 1082 1325 mox

298 1380 420 1443 Bruma
442 1381 584 1457 recurrit
607 1381 710 1445 iners.

220 1556 250 1609 7.
268 1556 356 1606 othum
375 1518 442 1607 eorr.
462 1556 489 1605 h.
515 1579 539 1589 -
580 1557 623 1606 12.
642 1530 760 1610 recurret
777 1559 807 1607 L.
828 1555 891 1622 (non
910 1556 1014 1622 nostri.)

167 1746 302 1808 ipsuum
324 1745 443 1814 nivibus}
461 1751 513 1800 eise
541 1748 692 1810 iiqueiaetis
730 1748 804 1815 γοῦν
830 1750 862 1801 di
887 1752 951 1802 κατ’
970 1750 1023 1816 ἐμὲ
1047 1746 1199 1803 ἔπλασσόν
1222 1767 1254 1804 τε

167 1830 253 1890 prime
270 1841 332 1880 vere
345 1830 524 1879 intumescunt
536 1829 628 1880 itsiise
643 1831 693 1879 iiu-
731 1829 781 1877 καὶ
800 1823 935 1899 ἔγραφον
952 1829 1074 1896 γυμνάς.

167 1906 257 1966 mina;
277 1920 337 1956 mor
356 1908 694 1960 aduitoveredeereseunt
764 1907 873 1956 7-12.
902 1909 1071 1959 immortalia
1097 1922 1129 1958 oe
1153 1906 1253 1972 speres]

167 1990 195 2035 et
212 2000 241 2037 se
260 1988 397 2037 continent
426 1990 494 2037 intra
515 1990 585 2049 ripas
609 2002 691 2044 suasr
732 1986 787 2035 «Ut
816 1985 892 2035 nohis
919 1990 960 2038 vir
991 1991 1090 2038 eonseii
1118 1988 1253 2038 interdum

167 2066 259 2129 itaque
269 2078 313 2115 ess
324 2072 502 2127 praetereunt,
519 2069 546 2116 id
560 2074 609 2126 est,
621 2071 694 2118 iuxta
731 2064 859 2124 iacimus,
888 2065 950 2115 dum
978 2069 1048 2130 uiget
1073 2072 1144 2118 setas
1171 2080 1255 2117 mors·

167 2147 238 2204 ripss
257 2145 383 2194 ishuntur
406 2157 495 2207 nequo
515 2160 558 2197 eas
578 2148 693 2211 euagan—
730 2156 783 2207 que
802 2147 915 2194 immane
947 2152 1077 2207 quantum
1097 2146 1191 2208 procui
1209 2146 1255 2196 ab·

166 2229 212 2273 tur
233 2220 434 2285 (vmheiroiteo).
472 2225 529 2274 Lis.
559 2224 690 2285 3³,182
731 2223 921 2274 esseieiieihus
939 2225 1071 2277 ridetur.»
1103 2225 1253 2275 Simonides

162 2308 273 2364 praeter
290 2305 377 2363 ripam
407 2304 528 2353 euntibus
551 2304 690 2353 timonis.
731 2303 772 2352 Fr.
793 2302 837 2351 on.
870 2302 1055 2354 §considens
1083 2303 1205 2368 Θνητῶν
1229 2298 1254 2352 δ’

165 2380 238 2433 Mais
257 2381 319 2430 oiim
338 2381 514 2431 decrescentia
528 2383 620 2434 «vaide
637 2395 692 2433 ere·
730 2376 813 2453 ὄφρα
826 2396 868 2444 τις
884 2377 977 2445 ἄνθος
991 2377 1047 2454 ἔχῃ
1064 2379 1254 2452 πολυήρατον

159 2460 286 2512 scentia»
300 2466 327 2509 et
341 2466 512 2521 praetereant
531 2463 692 2521 «exundant,
731 2456 817 2526 ἥβης,
831 2460 956 2525 Κοῦφον
969 2455 1045 2523 ἔχων
1062 2458 1160 2525 θυμὸν
1170 2459 1254 2512 πόλλ’

167 2539 301 2589 inundant
314 2540 373 2590 inea
385 2542 550 2592 adissentiao
565 2544 694 2602 interpre-
730 2535 873 2590 ἀτέλεστα
891 2545 962 2591 νοεῖ.
1000 2534 1076 2590 Οὔτε
1091 2538 1148 2611 γὰρ
1164 2539 1255 2592 ἐλπίδ’

167 2620 302 2671 iubentur.
730 2612 792 2678 ἔχει
810 2621 978 2688 γηρασέμεν
1001 2614 1071 2670 οὔτε
1089 2618 1253 2670 θανεῖσθαι.

185 2716 189 2721 ·
731 2696 897 2747 immortalia
925 2711 958 2746 oe
980 2700 1084 2760 spires,
1115 2705 1146 2748 ut
1170 2699 1254 2751 roiuit

203 2779 230 2829 5.
252 2778 279 2827 3.
306 2775 404 2829 Gratia
420 2793 507 2829 eum·
528 2780 647 2843 pesinis]
665 2779 692 2828 id
729 2789 882 2836 nonnemo,
915 2776 1090 2826 Horatianum
1114 2792 1167 2829 non
1195 2784 1252 2838 esi:

169 2864 211 2908 est
230 2856 352 2907 «Gratiae
373 2861 563 2922 tergeminae»,
586 2872 617 2909 ex
637 2860 692 2919 opi·
729 2862 756 2906 in
769 2856 877 2906 Lueano
898 2857 1083 2917 similibusque
1105 2861 1255 2919 poetisuti-

169 2939 251 2993 nione
263 2937 360 2998 voigsri
378 2937 411 2986 ah
428 2937 545 2987 Hesiodo
560 2938 689 2999 proiecta,
731 2949 785 2997 aue
810 2942 880 2987 esset
907 2936 1055 2986 terendum.
1084 2962 1115 2972 -
1143 2935 1252 3001 mem]

169 3015 365 3080 Euphrosyne,
388 3016 497 3080 Agiaia,
523 3016 632 3074 Thalia:
661 3030 692 3066 ex
731 3016 800 3064 diem
820 3021 912 3073 vocat,
946 3016 1018 3078 quod
1042 3017 1101 3075 soi,
1134 3021 1180 3078 qui
1200 3018 1253 3069 diei

168 3098 278 3157 entique
288 3095 490 3146 Atheniensium
510 3098 590 3157 duee,
607 3092 692 3159 Aege
731 3101 845 3156 praeest,
866 3097 952 3143 omnia
971 3096 1026 3144 aiit.
1058 3096 1105 3144 Est
1116 3094 1253 3146 detheron

169 3176 220 3224 seat
234 3169 391 3239 Ἡγεμόνη.
410 3174 525 3226 Pausan.
546 3175 649 3236 9,·35,
663 3175 690 3222 2.
730 3179 899 3234 perpetuum,
917 3179 948 3223 ut
965 3171 1047 3243 teptis
1063 3167 1155 3241 ἦμαρ.
1180 3173 1252 3236 Virg.

171 3278 199 3292 -·
221 3266 280 3302 eum
294 3246 433 3317 Nymphis]
452 3261 482 3306 ut
500 3256 551 3305 Od.
572 3257 598 3315 i,
617 3254 644 3314 t,
664 3254 691 3303 d.
729 3254 797 3302 Aen.
817 3253 843 3311 5,
866 3252 918 3301 oi:
938 3254 962 3301 si
978 3265 1052 3301 nono
1069 3253 1136 3301 diem
1153 3256 1255 3300 morta·

169 3331 249 3383 flom.
271 3332 368 3395 Hymn.
384 3337 412 3383 in
431 3335 498 3386 ven.
515 3336 581 3384 261:
602 3331 693 3399 (dirip-
729 3331 796 3380 iihns
815 3332 914 3380 aunum
930 3330 1038 3381 Aurora
1049 3331 1181 3380 extulerit.
1200 3330 1254 3381 Aiii

169 3407 236 3474 φαι)
254 3411 314 3461 Καὶ
331 3427 363 3463 τε
384 3415 448 3478 μετ’
466 3410 630 3476 ἀθανάτοις
647 3429 698 3463 κα·
731 3414 819 3461 minus
832 3416 892 3472 apte
903 3411 1001 3463 aihum,
1015 3412 1042 3460 id
1056 3418 1105 3470 est,
1126 3411 1253 3470 oiseium,

169 3487 224 3539 λόν
241 3490 335 3561 χορὸν
353 3485 535 3562 ἐρ’ῥώααντο.
557 3517 588 3527 -
611 3488 696 3554 oudo]
731 3489 874 3540 inustum.»
898 3516 929 3526 —
952 3488 1029 3552 itera]
1061 3490 1112 3538 Hie
1130 3502 1183 3538 nnn
1202 3489 1252 3539 dea

149 3608 153 3617 .
170 3567 321 3629 ou.³,1e,
338 3570 383 3619 13.
412 3569 525 3621 Pausau.
543 3571 575 3631 9,
598 3569 648 3631 35,
668 3571 695 3620 5.
730 3569 940 3625 vicissitudinis,
962 3581 1011 3619 nee
1029 3575 1177 3629 temporum
1195 3569 1255 3617 uni-

169 3653 260 3698 nsrrst
286 3650 452 3711 antiquiores
478 3638 507 3700 et¹
528 3652 644 3711 pictores
672 3653 699 3697 et
725 3661 814 3708 nerse,
840 3647 886 3697 sed
906 3649 1011 3709 proprie
1031 3647 1252 3710 heraesinguiae,

171 3727 331 3789 seuiptores,
344 3729 487 3792 Bupalum,
502 3729 632 3790 Apeiiem,
648 3727 699 3789 Py·
731 3734 761 3777 ut
772 3720 881 3789 pateter
892 3739 932 3777 vv.
943 3727 1150 3795 aonusetdiem.
1164 3722 1253 3788 (Apud

170 3806 307 3869 thagoram
325 3807 451 3867 Parium,
474 3807 625 3867 Socratem,
648 3807 696 3857 So·
733 3806 908 3856 Athenienses
930 3801 998 3855 dune
1022 3805 1131 3856 fuerunt
1151 3810 1256 3866 tempo·

171 3887 307 3948 phronisei
325 3888 428 3946 fliium,
458 3886 561 3937 (iratius
579 3885 695 3939 vestihus
733 3896 791 3934 rum
814 3877 964 3945 praesides,
987 3881 1089 3935 Θαλλώ
1108 3884 1159 3933 καὶ
1179 3883 1255 3953 Καρ·

171 3966 277 4017 indutas
291 3969 466 4029 expressisse:
482 3965 549 4017 eidi
560 3961 695 4036 ὕστερον,
733 3961 920 4028 πώ,Ραιιαιιι.
938 3963 965 4022 9,
985 3965 1029 4025 35,
1048 3965 1091 4022 2.;
1109 3963 1181 4023 apud
1200 3962 1254 4014 He-

172 4039 231 4096 οὔκ
257 4043 323 4096 nida
349 4043 397 4109 ἐφ’
415 4039 488 4113 ὅτῳ,
514 4040 696 4108 μεταβεβλή·
733 4041 948 4105 sindumTheog.
973 4042 1037 4093 902.
1061 4050 1114 4092 ires
1136 4043 1206 4092 ioris
1226 4047 1254 4093 et
1327 4054 1330 4059 ·

171 4139 244 4174 κασι
261 4112 296 4176 e'd
318 4115 423 4190 σχῆμα
430 4119 544 4186 αὐταῖς.
564 4119 697 4194 Χάριτας
733 4121 868 4174 Themidis
882 4122 963 4182 tiliae,
980 4116 1116 4188 Εὖνομίη
1135 4137 1165 4173 τε
1180 4121 1254 4186 Δίκη
