2908 4796
201 358 283 430 646
585 357 733 409 uonnru
752 355 894 408 uuonan

328 522 399 588 Nec
422 524 537 586 tantae
558 536 700 604 unquam
722 513 1011 616 sideruminaedit
1033 531 1142 598 vapor
1251 513 1293 574 15

370 638 573 709 siticulosae
596 642 757 725 Apuliae,

329 766 400 830 Nee
423 784 540 829 munus
563 763 707 827 humeris
728 761 877 828 efficacia
898 762 1056 827 Herculia

371 888 496 951 lnarsit
515 887 718 969 aestuoaius.

329 1009 394 1090 At,
416 1011 443 1072 si
468 1006 545 1092 quid
569 1024 710 1092 unquam
733 1007 801 1071 tale
824 1006 1076 1089 concupiveris,

372 1132 492 1195 lecese
515 1129 720 1208 Maecenas,
744 1145 882 1212 precor,

330 1251 467 1318 Manum
492 1252 603 1335 puella
623 1252 719 1315 saulo
742 1253 893 1334 opponat
916 1252 993 1328 tuo,

375 1373 535 1438 Elxtrema
557 1376 593 1436 ct
614 1374 648 1436 iu
671 1370 801 1456 eponda
823 1371 932 1436 cubet.

256 1495 300 1545 19.
320 1495 397 1558 Quod
414 1495 437 1543 ai
455 1492 483 1543 S.
504 1488 567 1555 (non
586 1489 640 1555 be.)
665 1515 696 1527 -
733 1493 777 1542 20.
798 1491 893 1541 iocoso
911 1489 1059 1541 Markland.
1083 1514 1110 1524 -
1131 1488 1176 1537 91.
1195 1488 1291 1537 ruceio

205 1566 269 1616 LCt.
291 1562 335 1629 (Ut
352 1577 418 1622 nos,
438 1560 512 1625 bSc.)

205 1674 371 1736 Frequenter
389 1674 479 1723 autem
500 1672 527 1719 in
553 1672 622 1720 raaia
652 1670 728 1731 pictis
766 1667 924 1719 detestabile
952 1666 1071 1717 edulium
1096 1672 1215 1725 unquam
1240 1662 1290 1713 tilii
1322 1683 1331 1697 =

206 1754 408 1812 conspiciuntur
425 1750 490 1800 tales
503 1754 639 1809 serpentes
655 1747 726 1797 alati.
766 1760 858 1798 rursus
875 1747 1034 1808 placuerit.»
1051 1770 1082 1782 -
1104 1741 1203 1805 locare]
1224 1755 1291 1807 qua·

240 1828 371 1881 15-18.
398 1825 530 1890 siderum]
562 1828 657 1878 «calor
683 1838 730 1888 op·
767 1834 844 1879 tenus
872 1827 933 1878 allio
966 1826 1032 1876 clam
1057 1824 1155 1891 oblato·
1172 1825 1291 1873 amicum

206 1909 412 1971 preaeitaridam
422 1908 573 1968 apuliam.»
593 1908 665 1972 virg.
678 1904 727 1959 Ge·
767 1906 930 1957 ludibundus
943 1904 1096 1965 deceperat.
1126 1902 1184 1951 Hoc
1198 1908 1290 1953 autem

204 1986 313 2049 2353:
334 1987 424 2037 hiulco
441 1982 668 2050 ritifiodiicania
687 1996 730 2032 oe·
767 1988 843 2048 longe
875 1986 961 2047 aptius
991 1986 1039 2033 toti
1068 1984 1177 2032 carmini
1206 1992 1290 2044 quam

205 2065 280 2129 otifer
294 2081 370 2118 arva.
386 2091 417 2101 -
430 2061 539 2127 teredii]
562 2063 728 2123 «incubuit»
767 2070 881 2116 otiosum
895 2064 960 2115 illud
978 2062 1082 2124 puellae
1097 2060 1232 2115 ἐπίθετον
1251 2063 1292 2111 io·

205 2153 235 2196 ut
253 2145 355 2198 Seneca
374 2145 471 2205 Oedip.
488 2144 543 2194 ti:
571 2143 621 2193 Sed
639 2145 731 2206 prauis
768 2158 839 2197 coro.
864 2171 894 2179 -
917 2139 1002 2205 rucio]
1028 2144 1143 2192 «amoris
1165 2142 1288 2192 oscula».

206 2230 230 2274 ct
254 2230 314 2274 uter
339 2225 449 2274 incubat
473 2225 675 2297 terrir'capor.
697 2247 727 2256 -
768 2225 870 2275 Senon.
910 2225 1019 2276 Recilor
1045 2229 1133 2274 autem
1162 2223 1228 2274 haec
1249 2226 1292 2273 est

206 2301 371 2368 siticulosae]
385 2310 416 2354 ut
430 2302 610 2368 πολυδίψιον
617 2297 728 2372 οΆργος.
767 2307 898 2366 scriptura
917 2314 996 2368 quam
1013 2304 1094 2354 altera
1106 2303 1208 2352 ruceio.
1228 2302 1290 2354 Non

207 2409 238 2418 -
257 2381 365 2447 mance]
395 2385 474 2436 restis
503 2382 580 2434 Nesei
601 2380 729 2432 Centauri
768 2387 837 2434 enlm
858 2382 999 2434 deducitur
1021 2397 1034 2434 a
1055 2396 1080 2432 v.
1103 2383 1210 2434 suevia,
1242 2382 1290 2432 scd

207 2476 300 2513 cruore
318 2465 414 2522 tincta,
434 2474 449 2511 a
470 2460 596 2512 Deianira
619 2459 729 2511 Herculi
766 2465 872 2512 ructum
893 2465 999 2526 proprie
1024 2466 1063 2512 eet
1087 2456 1228 2513 labellum,
1260 2466 1291 2510 ut

207 2544 311 2605 coniugi
331 2542 400 2592 Ioles
419 2554 509 2592 amore
532 2546 608 2601 capto
622 2539 728 2590 lunesto
767 2543 807 2592 bis
825 2543 986 2611 terveapud
1000 2538 1133 2593 Plautum.
1155 2538 1208 2590 Cir.
1222 2539 1289 2589 ialin

206 2622 277 2672 dono
291 2623 380 2672 missa.
401 2620 478 2672 Ouid.
495 2619 604 2680 Mete,
619 2618 680 2668 130.
697 2644 727 2654 -
766 2621 799 2672 ad
818 2621 845 2670 li.
866 2622 884 2671 i.
908 2646 934 2655 —
956 2621 1059 2683 sponda
1081 2616 1168 2681 cubet]
1186 2618 1226 2671 De
1245 2630 1289 2671 ve·

205 2695 455 2761 homerio-iouente]
477 2699 617 2751 «ilumeris
634 2698 728 2749 ardens
767 2713 865 2752 nerea
892 2700 979 2761 puella
998 2704 1090 2763 negata
1110 2702 1232 2760 accipio,
1260 2704 1291 2749 ut

205 2780 348 2831 inhaesit.»
360 2803 391 2813 -
403 2776 527 2842 efficacia]
546 2778 729 2830 adillicillimls
767 2782 807 2831 ert
825 2778 896 2841 apud
916 2776 1013 2831 Tiliuil.
1035 2781 1065 2838 1,
1087 2778 1119 2833 9.
1137 2779 1181 2829 55.
1208 2780 1234 2828 in
1255 2781 1290 2828 si-

206 2859 341 2911 laboribus
368 2856 505 2918 detumit,
531 2857 727 2930 δραστηρίου,
766 2858 822 2908 mili
843 2861 1053 2921 imprecatione:
1096 2858 1190 2907 Tecum
1210 2858 1289 2908 toter-

205 2936 393 3000 tliutlrrdsiipt»
413 2937 511 2999 Appul.
526 2937 605 3000 Apol.
617 2951 644 2999 p.
658 2936 727 2986 ida:
766 2940 855 2999 perita
868 2938 1001 3002 leopoldo
1017 2943 1086 2989 veste
1108 2936 1191 2989 cubet.
1218 2937 1287 2988 niti:

205 3017 335 3066 Hercules
348 3015 480 3067 lustrator
495 3017 576 3079 ordia,
594 3023 730 3080 perpetui·
768 3031 843 3067 «sese
857 3032 939 3081 quam
952 3019 1102 3080 longissime
1125 3030 1140 3067 a
1158 3023 1184 3067 te
1204 3030 1289 3067 remu·

206 3096 339 3159 serarum,
371 3098 488 3165 peritiam
519 3098 646 3146 domitor.
685 3095 729 3144 Sic
766 3104 828 3150 veut
849 3101 876 3147 in
899 3096 959 3148 lecti
991 3096 1132 3146 convivalis
1157 3096 1288 3156 sponda.»

205 3176 414 3240 Maximus'lyr.
437 3176 470 3225 D.
490 3175 562 3237 3‚7.
583 3174 727 3227 Herculem
768 3178 837 3229 Sane
868 3178 964 3227 cubare
991 3179 1070 3227 etiam
1108 3172 1140 3226 de
1172 3177 1290 3227 convivia

206 3262 283 3308 vocat
300 3252 354 3307 τὸν
377 3255 433 3306 τῶν
455 3255 569 3306 πολλῶν
586 3256 636 3305 καὶ
657 3253 729 3305 duu-
767 3261 918 3319 usurpatur.
962 3254 1017 3306 Cic.
1041 3255 1074 3307 de
1101 3255 1146 3306 Or.
1173 3257 1209 3315 2,
1232 3255 1288 3306 86:

205 3332 327 3400 μαστῶν
336 3332 436 3385 πόνων
446 3326 728 3401 ὁμιλητὴνκαλὰγω-
766 3351 818 3401 quo
829 3350 928 3385 eoram
947 3337 1003 3385 ioco
1022 3337 1127 3399 qouque
1145 3335 1287 3384 coluisset.

206 3410 311 3480 νιστὴν
335 3413 385 3463 καὶ
414 3409 524 3473 idedu,
558 3419 584 3463 et
617 3414 727 3463 similius
768 3443 798 3452 -
829 3415 906 3464 Falso
936 3420 1028 3465 autem
1057 3414 1144 3464 Acron
1173 3415 1290 3477 pucilam

207 3495 287 3543 etlam
306 3489 340 3540 D.
355 3490 446 3550 2l‚6:
468 3484 664 3562 καθορὲωτὴν
683 3484 728 3563 ἔρ·
767 3495 880 3556 explicat
904 3493 937 3545 dc
962 3480 1087 3544 T'ercntla
1113 3492 1287 3550 Maecenatis,

206 3588 274 3637 γων.
307 3570 426 3620 lulianus
445 3570 478 3620 ad
502 3571 678 3621 Themistlum
699 3582 728 3631 p.
767 3576 793 3625 id
821 3574 891 3637 quod
912 3587 994 3635 prope
1013 3572 1170 3624 indecenter
1189 3572 1288 3622 dicium

206 3649 268 3700 aiii.
290 3664 321 3700 cr
344 3650 438 3714 Odyss.
459 3667 500 3713 φ,
519 3649 573 3699 26:
592 3646 728 3716 μεγάλων
767 3660 836 3704 esset
862 3654 895 3704 de
922 3659 975 3702 tam
1002 3652 1141 3714 splendida
1168 3657 1289 3703 matrona

205 3729 359 3799 ἑπιῒστορα
377 3724 487 3797 ἔργων.
510 3725 729 3798 «αὐτουργότα-
765 3734 904 3791 Romana,
931 3728 1013 3796 (prius
1035 3745 1050 3783 a
1072 3733 1185 3783 caesare
1210 3730 1289 3783 Oeta·

206 3825 258 3859 τον
289 3801 427 3858 ἁπάντων
453 3806 648 3875 γενόμενον.»
686 3806 727 3857 nd
765 3814 843 3865 viano
862 3819 958 3863 amata.
988 3812 1209 3864 Suetonoctar.
1231 3807 1289 3876 69.)

207 3888 428 3937 consuetudinem
448 3886 568 3938 Latinam
590 3887 637 3937 clr.
660 3886 728 3938 Cae·
766 3894 850 3942 lmmo
864 3892 1005 3943 maniiesio
1028 3892 1146 3954 loquitur
1160 3893 1192 3944 de
1213 3891 1289 3942 ἑται-

207 3968 270 4015 lium
292 3967 325 4014 ad
347 3967 401 4016 Cic.
425 3968 498 4016 Fam.
520 3969 570 4026 10,
589 3966 623 4015 3:
653 3967 819 4041 Nosiiipcp,
851 3984 964 4034 quaeum
989 3974 1158 4023 consueverit
1195 3977 1289 4033 potens

205 4045 370 4101 Marcellum,
389 4061 469 4110 quom
485 4049 579 4096 iurum
595 4052 619 4096 et
630 4060 727 4108 parum
745 4005 748 4071 1
766 4052 866 4101 amicus
881 4059 941 4103 anic
964 4054 1069 4114 nuptias
1090 4065 1148 4102 curu
1163 4052 1288 4101 Terentia

206 4123 301 4186 eticae
321 4125 364 4172 ait.
744 4108 747 4224 f
766 4130 920 4183 celebratas.
951 4130 1004 4181 Cir.
1028 4130 1130 4183 Franke
1155 4128 1183 4180 F.
1204 4128 1238 4180 Η.
1259 4126 1286 4192 p.

243 4200 365 4251 iit-22.
386 4201 577 4267 corocepicerio]
599 4220 612 4250 a
625 4205 652 4254 Si
675 4210 727 4256 tani
746 4208 826 4271 1125.

654 4309 839 4322 ——a-
