2900 4820
134 1850 138 1859 ’
231 1859 326 1923 morat)
345 1868 399 1912 non
418 1861 517 1922 habeo,
537 1863 624 1924 qualia
637 1870 665 1913 tu
680 1863 750 1913 dorni

223 337 299 404 118
543 354 548 361 “
578 336 725 386 nouauit
746 336 931 388 CARMINUM

390 474 577 573 Caecubum
600 499 634 561 et
658 458 949 580 prae'lo'nomt'tam
971 496 1096 562 Caleno

392 616 443 682 Tu
466 618 559 682 bibes
581 634 695 682 uvam:
718 636 790 683 mea
812 601 880 682 nec'
897 618 1062 683 Falernae
1264 616 1301 675 10

393 720 595 822 Temperant
616 712 704 803 vites
726 757 835 823 neque
856 738 1024 803 Formiani

478 857 604 924 Pocula
626 860 740 952 colles

277 1037 304 1086 9.
325 1037 470 1087 Carrucam
496 992 666 1086 cumei.
694 1037 815 1087 Lambini
835 1037 864 1085 F.
898 1062 929 1072 -
967 1038 1009 1087 to.
1031 1034 1081 1099 Tu]
1103 1037 1168 1086 lum
1187 1036 1306 1087 Doeder-

228 1107 294 1166 lein,
313 1108 371 1157 Noa
394 1106 548 1157 Schoenei.

263 1271 289 1320 9.
327 1267 474 1331 domitam]
504 1276 533 1347 tn¹
563 1284 641 1332 prosa
679 1276 745 1320 orat.
786 1231 1051 1332 curua-temperetur,
1083 1271 1252 1319 misceatur.»
1275 1296 1305 1304 -

230 1363 405 1412 opressum.»
786 1350 1000 1409 interpunctionl
1020 1359 1036 1395 a
1058 1346 1155 1398 Bothlo
1177 1351 1308 1411 excogita·

788 1434 841 1486 tae,
869 1426 923 1476 Vile
944 1427 1052 1491 potabis
1064 1450 1075 1460 ·
1087 1450 1098 1461 ·
1110 1428 1224 1490 imaue?
1253 1441 1267 1472 u
1277 1432 1309 1474 ut

788 1510 899 1569 quaerat
929 1505 1074 1565 Horatius,
1106 1517 1139 1575 an
1167 1511 1308 1557 contentus

787 1586 929 1636 Maecenas
948 1588 982 1635 sit
1002 1585 1107 1635 iuturus
1126 1587 1188 1636 vino
1201 1586 1247 1638 vill
1262 1586 1310 1636 Sa·

789 1667 867 1723 ltin0;
894 1666 940 1714 sed
960 1667 1047 1715 statim
1074 1677 1165 1715 secum
1184 1666 1309 1727 reputans

789 1745 866 1807 plane
890 1744 1026 1806 indignum
1053 1744 1104 1793 lroc
1130 1758 1186 1795 esse
1204 1744 1311 1796 Maece·

789 1829 870 1883 nate,
889 1823 981 1873 addit:
1013 1823 1167 1874 Caecubum
1185 1829 1212 1874 et
1236 1823 1311 1876 Cale·

789 1915 854 1953 num
873 1903 944 1964 apud
962 1915 1004 1952 me
1024 1903 1117 1963 bibes:
1145 1902 1262 1965 curabo,
1281 1911 1313 1954 nt

791 1995 822 2034 aa
835 1984 896 2033 vina
917 1982 1016 2041 adsint,
1037 1996 1098 2033 cum
1119 1985 1229 2041 venies;
1249 1994 1311 2031 nam

791 2063 834 2111 hle
845 2062 954 2124 quidem
964 2075 1018 2112 non
1031 2068 1168 2113 creseunt:
1177 2078 1227 2108 >›-
1236 2062 1310 2121 lrnlc,

265 1468 309 1516 10.
330 1467 370 1514 Ta
382 1462 461 1526 tiles]
471 1466 625 1517 Sententiae
638 1469 675 1515 ele
688 1479 749 1527 pro·

232 1547 346 1597 cedunt:
367 1545 462 1594 «Domi
479 1557 554 1595 meae
573 1558 621 1606 pro
634 1548 749 1596 amicitia

231 1632 276 1676 tua
285 1625 349 1674 milri
360 1625 465 1685 penitus
479 1629 541 1675 nota
552 1631 577 1674 te
596 1632 749 1676 contentum

230 1705 285 1754 lore
306 1706 369 1753 satis
391 1705 446 1754 aeto
468 1706 529 1753 rino
553 1703 668 1762 Sabino;
689 1717 750 1753 nam

230 1786 398 1846 generosiora
413 1778 539 1845 (quornm
558 1789 683 1845 quattuor
694 1797 750 1833 rne-

232 1946 293 1991 tnae
309 1941 400 1993 itiitere
419 1942 515 1991 soles.»
547 1941 615 1993 Vide
633 1943 750 1995 Ltiltlrer.

234 2019 311 2069 Bilta
329 2026 418 2071 antem
442 2021 599 2081 simpliciter
623 2025 664 2072 eat
680 2022 752 2070 intu-

232 2179 556 2231 a„
596 2108 753 2232 ΨΨ

233 2259 573 2319 ,untsutumOdM'h
594 2261 754 2311 Laudabant
792 2226 847 2271 tota
869 2221 1003 2271 clausulae
1026 2221 1198 2271 conformatio
1219 2224 1314 2284 magis-

236 2338 286 2386 (αι-ἰ
307 2338 410 2388 claram
430 2339 550 2388 Rhodon·
582 2338 634 2388 Od'
656 2338 688 2398 3,
708 2340 752 2400 23,
793 2315 846 2364 que
860 2302 939 2351 etlam
952 2304 1092 2360 sententia,
1113 2314 1181 2363 quae
1202 2306 1259 2350 tum
1274 2302 1314 2350 sic

793 2380 968 2441 procederet:
989 2381 1064 2431 «Vile
1081 2380 1211 2430 Sabinum
1224 2393 1315 2432 meum

794 2462 837 2510 vix
862 2460 982 2518 potabis:
1014 2461 1082 2510 dabo
1106 2460 1153 2510 tibi
1177 2461 1315 2522 aliquanto

794 2539 899 2598 mellus,
921 2540 967 2589 sed
987 2539 1069 2590 medii
1091 2546 1180 2589 tamen
1198 2543 1314 2602 generis,

796 2618 946 2669 Caecubum
960 2625 987 2667 et
1002 2618 1139 2677 Calenum,
1156 2622 1256 2680 qnippe
1271 2623 1315 2669 cui

795 2704 890 2761 negata
913 2701 966 2747 sint
984 2702 1103 2760 optima,
1126 2700 1265 2750 Falernum
1289 2706 1317 2750 et

795 2779 980 2828 Formianum:
993 2795 1007 2823 o
1036 2792 1097 2828 cunr
1123 2785 1212 2830 tamen
1230 2781 1316 2828 mani·

795 2856 862 2908 testo
881 2861 928 2907 uni
947 2861 1008 2908 vino
1028 2859 1126 2911 Sabino
1146 2864 1317 2920 opponantur

795 2943 922 2999 quattuor
939 2938 1015 3001 longe
1041 2943 1222 3002 generosiora.
1259 2938 1317 2989 Nec

795 3020 877 3081 magis
896 3023 923 3068 et
948 3017 1155 3069 familiaritatem
1178 3023 1205 3068 et
1220 3022 1317 3074 locum

796 3100 895 3158 spirare
915 3104 997 3149 totam
1027 3099 1095 3149 hanc
1119 3102 1316 3150 excusationem

799 3177 972 3231 Vile--eolles
990 3181 1125 3239 perspexit
1146 3181 1178 3239 ls,
1199 3181 1317 3241 qulpro·

237 2417 286 2466 te:
322 2417 432 2466 Victima
465 2418 621 2481 pontificum
654 2431 755 2468 secures

236 2499 334 2559 tropen
354 2498 418 2545 item
430 2495 532 2558 Virgilii
552 2496 617 2546 illud
635 2497 703 2546 Aen.
727 2497 754 2558 6,

236 2574 307 2624 att:
326 2575 465 2623 Excudent
483 2576 534 2623 olii
542 2577 678 2637 spirantia
692 2578 756 2625 mol-

237 2656 288 2703 lius
298 2665 374 2701 aera.
396 2652 755 2705 Orabuot··Descrlbeut··

236 2735 333 2783 dicent.
363 2733 576 2797 Caecubuaoper
597 2735 665 2785 Latii
684 2738 756 2785 iuxta

235 2811 342 2861 Fundos
358 2812 393 2859 ad
408 2814 478 2862 vlam
492 2811 616 2875 Appiam.
631 2839 664 2851 -
684 2815 757 2865 Color

237 2891 398 2951 Campaniae
412 2890 557 2953 oppidum,
578 2893 657 2944 hodie
670 2893 756 2955 Calui,

239 2982 303 3033 ager
324 2971 453 3020 Falernus
477 2975 541 3023 item
564 2976 590 3023 in
614 2974 757 3038 Campania

238 3049 271 3100 ad
295 3051 398 3101 radices
423 3053 533 3104 Massici
560 3057 667 3115 montis,
693 3057 758 3105 For-

237 3131 306 3181 miae
315 3133 383 3182 Latii
393 3137 569 3196 municipium
588 3138 615 3185 in
625 3136 757 3186 Auruncis

238 3220 321 3272 prope
354 3211 490 3274 Caietam,
530 3214 610 3265 hodie
628 3215 704 3266 Molo
730 3216 759 3264 ot

239 3289 332 3341 (faeta,
796 3259 885 3318 posuit
893 3258 966 3307 dulce
984 3271 1031 3319 pro
1049 3260 1109 3311 vile.
1134 3258 1317 3309 Doederleiuii

735 3356 738 3359 ¹
797 3338 977 3386 coniecturam
1003 3343 1084 3399 atque
1122 3341 1318 3398 interpretatio-

273 3407 315 3456 11.
340 3407 506 3472 Temperare]
527 3412 703 3471 «producunt
720 3415 756 3462 vl·
797 3428 858 3464 nem
877 3415 937 3466 uide
962 3419 988 3465 ln
1008 3417 1103 3468 Museo
1126 3417 1212 3467 lllten.
1233 3418 1269 3475 5,
1289 3417 1317 3465 l.

238 3497 320 3545 num,
345 3488 416 3549 quod
443 3491 509 3539 mela
528 3493 555 3539 in
575 3491 676 3550 poculis
696 3505 757 3541 cunr
798 3506 824 3553 p.
844 3493 906 3543 599.
