2930 4810
203 334 284 402 206
561 338 711 390 uonnru
733 308 920 392 pinninum

416 472 616 585 [ludumque
633 472 803 567 Fortunae
824 482 1019 591 gra-amem
1059 559 1065 564 .

457 620 647 719 Pg‘uoipunr
671 596 833 689 amicitlas
855 608 1003 688 el³arma

372 758 524 848 Nonllnm
548 749 817 866 expiandorum
840 760 1031 868 cruoribus,

371 886 599 970 Periculosae*
610 906 741 1003 plenum
764 906 859 1002 opusl
871 907 988 985 aleae,

251 1062 277 1113 8.
296 1063 436 1127 pravisque
454 1061 542 1113 BbTo.
567 1088 593 1099 -
616 1061 643 1113 5.
663 1064 745 1115 ttaota
764 1060 851 1117 Benli.
872 1066 944 1115 eoni.

201 1222 365 1273 quamquam
381 1215 498 1268 tempore
517 1209 583 1268 ipsit
601 1208 726 1258 exitiale·-
762 1208 878 1270 praelert
899 1208 1024 1259 Liiblrer:
1051 1221 1080 1270 p.
1104 1221 1170 1270 opos
1196 1205 1281 1271 aleae]

201 1292 234 1339 lis
253 1286 366 1353 (Horatii
381 1286 484 1352 pravis)
502 1288 562 1350 solt.
584 1314 612 1325 -
634 1284 723 1350 orme]
762 1288 879 1340 anellum
901 1289 988 1348 civile,
1014 1290 1077 1350 quia
1095 1289 1121 1336 ln
1147 1301 1190 1348 eo,
1215 1290 1284 1338 sieut

202 1370 236 1419 Ut
257 1369 403 1431 distinguas
419 1382 433 1418 a
455 1368 564 1419 bellov.
584 1368 622 1429 2.,
639 1371 724 1430 cogita
761 1371 788 1419 in
802 1369 869 1429 alea,
893 1368 1006 1431 plurima
1025 1380 1040 1416 a
1056 1367 1178 1420 iortunae
1192 1367 1282 1420 lavore

201 1450 234 1501 de
261 1447 371 1511 singulis
393 1451 510 1510 pugnis,
535 1449 664 1508 imprimis
689 1447 722 1496 de
762 1449 897 1512 pendenl;
918 1454 944 1498 el
957 1450 995 1499 sie
1009 1448 1135 1497 incedere
1151 1455 1202 1498 oet.
1215 1450 1280 1499 erit:

200 1528 339 1587 Pharsalo,
360 1527 478 1589 Thapso,
488 1527 599 1578 Munda.
760 1531 859 1580 versari
877 1530 905 1578 iu
919 1528 1095 1580 describendo
1114 1529 1184 1579 bello
1200 1527 1280 1585 etalii,

234 1610 261 1673 5.
287 1607 412 1657 Nondum
435 1604 565 1670 expletis]
594 1606 663 1668 Quia
683 1608 723 1654 nl·
761 1610 807 1659 ubi
835 1611 972 1671 inopinata
1000 1609 1068 1659 maia
1095 1614 1122 1659 et
1151 1607 1280 1670 pericula,

199 1691 268 1740 miae
282 1691 360 1739 eliam
376 1694 435 1750 post
447 1690 594 1749 Antonium
614 1699 723 1748 oppres·
760 1693 831 1739 eleut
841 1692 907 1753 ignis
921 1691 1003 1741 eineri
1014 1688 1106 1740 doloso
1116 1691 1281 1749 suppositus,

199 1782 258 1819 snm
295 1767 470 1819 remanebant
498 1768 629 1818 scelernm
659 1768 722 1816 eivi·
760 1771 847 1820 subito
867 1774 1070 1831 prorumpunt.»
1104 1768 1149 1820 Me
1175 1772 1282 1820 seoutua

198 1850 262 1901 lium
277 1848 416 1911 reliquiae,
436 1847 629 1910 longolanlnm
643 1846 723 1897 Oeta·
760 1857 800 1902 est
817 1851 908 1914 liegei.
948 1850 1031 1901 Nobis
1049 1850 1130 1912 igitur
1158 1860 1224 1910 opos
1243 1850 1283 1897 est

199 1932 269 1982 viani
289 1931 438 1989 principatu
458 1928 646 1980 removendae.
667 1927 720 1976 Od.
761 1932 886 1981 «historia
897 1930 958 1981 belli
970 1931 1099 1988 intestini,
1112 1941 1191 1991 quam
1201 1926 1281 1977 edere

197 2012 224 2070 1,
247 2010 274 2071 2,
289 2008 341 2057 29:
363 2009 412 2059 Cui
433 2008 619 2071 dabltportes
638 2007 722 2056 scelos
760 2013 893 2073 cogitasse
923 2009 993 2066 iilis,
1020 2007 1136 2059 «beilum
1154 2010 1280 2068 ipsumsi:

198 2088 327 2152 expiandi
339 2089 523 2151 iuppiterl—
537 2085 629 2151 uncta]
649 2086 721 2149 «poi-
760 2104 814 2153 quo
833 2092 907 2149 iure,
928 2091 980 2151 ipsi
1000 2088 1125 2139 viderint.
1155 2086 1280 2136 Ceterum

198 2169 282 2219 luta.»
302 2168 430 2227 Verbum,
452 2169 525 2238 quod
544 2168 721 2218 Bentleiovir
758 2171 809 2220 hoe
835 2170 971 2221 dumtaxat
989 2181 1037 2229 pro
1068 2173 1143 2219 certo
1172 2170 1279 2223 seimus,

198 2247 720 2309 Latinumvidebatar‚iirmaluraSilio
759 2251 915 2313 perductam
945 2249 1027 2299 luisse
1059 2250 1116 2298 eins
1143 2248 1280 2298 historiam

198 2329 232 2389 a,
249 2328 301 2379 13:
322 2328 462 2390 hostilique
484 2341 603 2391 anparere
616 2327 721 2389 primae
758 2344 844 2393 usque
877 2329 911 2381 ed
943 2329 1080 2380 Ciceronis
1113 2327 1279 2388 aliorumque

200 2409 264 2460 Tela
281 2421 383 2457 eruore.
403 2407 436 2457 V.
451 2410 533 2470 magis
546 2408 651 2470 volgare
670 2407 720 2455 tto·
759 2412 997 2472 proscriptionem
1013 2407 1280 2471 pronamiitertamen

199 2495 244 2538 eta
263 2487 393 2550 postsyil.
414 2488 450 2539 tte
471 2490 602 2550 ingratum
624 2499 720 2538 sonum
757 2503 844 2553 usque
872 2489 906 2538 ad
937 2501 1053 2552 pugnam
1082 2487 1279 2547 Philippensem

199 2567 375 2629 praebuisset.
399 2566 554 2618 Udaantem
569 2566 718 2626 cruoribus,
758 2582 914 2634 progressus
930 2573 979 2619 est.
1011 2568 1065 2630 Qui
1087 2580 1150 2620 vero
1169 2569 1278 2627 patent.

198 2646 270 2710 quod
290 2658 423 2697 nonnemo
450 2649 600 2708 proposuit,
625 2647 719 2699 Latina
758 2651 867 2700 eumin
898 2660 1007 2699 omnam
1025 2649 1065 2697 sui
1089 2646 1217 2708 temporis
1240 2644 1280 2692 iri·

197 2726 549 2790 nonmagisdioiturquam
563 2726 718 2777 Germaniae
758 2731 867 2780 storiam
893 2728 926 2778 ad
949 2728 1159 2779 dominationem
1193 2736 1279 2786 usque

202 2806 316 2871 watien,
326 2806 414 2871 saucit
422 2819 475 2855 von
487 2808 560 2858 Blut.
577 2831 607 2843 -
621 2806 721 2857 cruori-
758 2809 897 2860 Octaviani
931 2805 974 2871 (a.
1001 2802 1085 2871 725.)
1119 2808 1277 2863 eronrrisae.

165 2914 168 2925 ι
198 2883 263 2948 leo]
291 2888 441 2949 «sanguine
466 2900 546 2948 saepe
575 2899 607 2938 ae
631 2886 720 2937 multis
758 2900 832 2941 mera
851 2888 1006 2939 contectura
1024 2888 1155 2937 utaentur·
1229 2875 1231 2877 ’

199 2969 263 3019 loeis
285 2966 396 3016 eiluso.»
425 2966 468 3015 Sto
490 2964 606 3033 eripere
627 2965 720 3016 erebro
792 2968 819 3018 7.
839 2965 928 3031 appas]
946 2967 1083 3020 Proverbii
1105 2969 1221 3029 speeiem
1234 2965 1279 3015 ha·

184 3045 719 3111 apudrragioos.deserpismptnane
758 3047 813 3098 net.
832 3047 948 3099 Suldas:
974 3044 1021 3099 ’liv
1039 3048 1109 3118 πυρὶ
1135 3039 1278 3111 βέβηκας]

198 3124 331 3181 παλαιῶν
346 3124 481 3191 αἱμάτων
497 3124 674 3193 μιάσμασιν.
758 3124 855 3180 Τοῦτο
874 3126 1018 3194 ἐπιλέγειν
1036 3127 1094 3198 χρὴ
1113 3123 1145 3176 ἐν
1167 3129 1229 3188 τοῖς
1246 3122 1278 3175 ἐν

234 3207 262 3258 a.
282 3206 367 3268 aleae]
386 3207 421 3258 do
441 3209 541 3256 incerto
560 3220 592 3257 ao
610 3206 719 3259 lorlulto
757 3205 939 3270 ἐπισφαλέσι
986 3206 1038 3256 καλ
1084 3200 1280 3265 ἐπικινδύνοις

199 3291 300 3340 eventu
319 3287 563 3348 cuiusvis-incepti,
583 3291 613 3338 ut
630 3286 720 3337 «laeta
756 3283 928 3356 πράγμασιν
966 3282 1194 3354 ἑμφιλοχωριϊν
1216 3280 1280 3335 e‘na'*

198 3359 635 3437 esteten,dneppieeoxdpog.»
653 3365 720 3417 Ideo
757 3363 853 3416 λοοσι.
892 3363 995 3416 Gallim.
1021 3365 1072 3424 Ep.
1095 3363 1142 3424 to,
1160 3363 1193 3415 2:
1215 3354 1279 3413 ἔστι

197 3453 287 3498 autem
305 3444 483 3507 periculosum
503 3443 630 3495 Pollionis
644 3450 720 3497 vooat
756 3441 815 3513 πῦρ
842 3437 902 3494 ὑπὸ
928 3443 965 3516 ιῄ
991 3441 1109 3513 σποδιῇ.
1145 3442 1280 3504 Meleager

197 3530 355 3586 inceptum,
378 3525 441 3587 qula
462 3525 504 3575 vir
515 3525 592 3590 aliter
603 3525 660 3576 deri
671 3537 719 3585 po·
757 3524 808 3583 Ep.
835 3522 892 3573 55:
922 3518 1154 3593 μὴ·-ιιινήσῃς
1183 3521 1279 3591 steppo

198 3609 285 3663 terat,
310 3617 390 3665 quam
409 3609 440 3653 nt
462 3605 490 3652 in
512 3607 718 3667 tantis-tamque
756 3600 815 3671 πῦρ
827 3593 1089 3666 enumeremus.
1113 3598 1277 3663 Propert.1,

198 3682 305 3737 aeribus
331 3685 446 3743 partium
471 3683 576 3744 studiis,
599 3685 719 3735 nondum
755 3681 782 3741 5,
801 3680 838 3731 5:
855 3693 987 3743 properat
999 3680 1278 3742 --utmtrertpnotos

197 3775 305 3827 prorsus
325 3763 437 3822 sopitis,
465 3763 536 3815 hune
561 3764 603 3815 vei
633 3764 731 3823 iilum·
755 3761 868 3823 aerttpta
887 3758 957 3822 ferre
971 3771 1022 3822 per
1039 3760 1121 3825 ipseo.
1141 3784 1169 3798 ·-
1191 3759 1279 3826 Rata

196 3842 265 3893 lilios
276 3853 383 3903 quoque
394 3846 421 3892 at
430 3846 528 3893 amieos
539 3856 641 3903 eorum,
652 3854 717 3906 quo·
755 3841 876 3892 Pollione
899 3845 1023 3900 suscepta
1037 3852 1118 3902 quarn
1140 3839 1223 3901 ardua
1245 3840 1279 3887 eit

185 3934 257 3986 ¹rum
278 3932 386 3983 magnae
417 3923 444 3971 in
474 3921 543 3973 neiio
571 3923 718 3975 domestioo
755 3927 876 3984 utquam
892 3931 1001 3982 magnas
1018 3920 1126 3981 witus
1145 3921 1276 3983 requirat,

197 4004 287 4063 partes
310 4000 440 4060 fuerant,
465 4003 545 4053 eliam
564 4016 626 4055 vero
655 4005 717 4053 sirn-
756 4003 780 4053 ei
801 4002 863 4052 ideo
880 4004 942 4050 ante
961 4000 1054 4051 oeulos
1073 4001 1150 4061 ponit
1163 4034 1178 4059 ,.
1204 3996 1277 4060 quod

198 4080 302 4142 plloller
318 4080 449 4143 pateiaeto
470 4081 599 4132 laederet.
633 4080 718 4134 Aliter
755 4079 896 4133 dilfieulias
927 4082 985 4140 ipsa
1003 4085 1091 4131 rtrum
1118 4088 1277 4142 generosum

197 4160 311 4219 explieat
326 4160 464 4223 naming,
487 4163 563 4211 euius
588 4164 716 4213 rationem
755 4161 787 4211 ad
820 4172 910 4212 euram
936 4160 1126 4220 pertimendam
1160 4159 1276 4207 enitare
