2900 4820
536 346 601 398 nin.
619 348 643 397 r.
682 348 712 396 c.
734 346 792 396 xv.
1154 342 1208 414 97

127 504 196 569 Ζεὺς
210 500 393 573 ὑψιμέδων,
426 501 461 570 ὃς
475 501 588 556 ἅπαντα
603 504 755 577 δέρκεται,
781 501 844 557 Oris
863 501 958 568 αἴτιος
980 503 1102 568 θνατοῖς
1118 504 1207 575 paysi-

129 583 182 636 λων
202 581 312 648 ἀχέων·
329 580 393 635 ἀλλ’
418 582 450 635 ἐν
466 585 547 651 μέσῳ
562 588 656 635 κεῖται
681 590 774 646 κιχεῖν
794 582 891 635 Πᾶσιν
913 579 1095 652 ἀνθρώποισι
1116 585 1208 636 Δίκαν

130 657 231 723 ὁσίαν,
253 658 367 730 Ἀγνάν
385 658 536 726 Εὐνομίας
554 655 722 714 ἀκόλουθον
743 665 794 714 καί
811 661 933 726 πινυτᾶς
951 660 1077 728 Θέμιδος
1092 658 1209 726 Ὀλβίαν

131 743 229 807 παῖδές
241 756 287 793 νιν
302 737 443 812 εὑρόντες
455 738 604 792 σύνοικον.
626 769 655 780 -
685 744 808 795 Ceterum
829 742 915 793 Nereo
937 743 1096 792 vaticinandi
1120 749 1208 804 partes

131 827 238 884 apoita
256 822 334 873 datae
356 828 437 881 sunt,
462 828 594 884 quotanus
615 824 685 876 inter
703 825 766 875 deos
783 825 872 883 maris,
883 823 1082 884 antiquissimus
1103 821 1208 873 babitus

131 909 189 962 est,
217 902 315 964 quibus
331 894 453 952 ''omnino
472 903 630 957 rabcinnnrii
648 905 743 965 peritia
765 915 780 953 a
797 903 881 963 poetis
902 901 1030 959 attributa
1052 907 1108 962 est,
1127 902 1208 953 reiuti

130 982 226 1032 Proteo
239 983 320 1032 ilonr.
334 981 387 1032 Od.
402 981 418 1032 3
427 1016 435 1041 ,
454 980 514 1030 act.
531 987 558 1031 et
570 981 641 1045 virg.
666 982 716 1033 Ge.
736 981 766 1042 i,
780 981 861 1037 381,
892 979 993 1032 Giaueo
1011 981 1104 1042 iturip.
1119 981 1208 1031 Orest.

130 1059 196 1111 364:
225 1061 347 1132 Νηρέως
367 1060 523 1130 προφήτης
539 1059 681 1124 Γλαῦκος·
706 1068 733 1112 et
757 1061 844 1123 Appii.
871 1059 1210 1124 Αις.1,131οιΤοίσιν

129 1139 161 1191 oi
171 1138 307 1202 Γλαῦκος
315 1139 443 1207 βρυχίης
458 1132 530 1202 ἁλὸς
545 1135 729 1205 ἐξεφαάνθη,
749 1139 870 1208 Νηρῆος
884 1137 979 1190 θείοιο
991 1135 1209 1210 πολυφρόόμων

129 1212 302 1284 ὑποφήτης·
321 1213 367 1282 (ὃς
383 1214 560 1282 μαντεύεται
576 1217 671 1271 πάντα
688 1219 883 1284 pancarpon
901 1219 990 1269 Seboi.
1009 1219 1077 1269 Piae
1099 1232 1126 1280 p.
1145 1217 1208 1267 333.

130 1298 170 1349 Ed
184 1301 311 1357 nostrae,
331 1308 442 1358 prorsus
454 1301 484 1345 ut
495 1297 538 1346 bio
553 1295 677 1362 Nereus.)
714 1298 790 1350 adds
804 1299 836 1350 (ie
848 1299 899 1348 boc
917 1299 967 1349 (iao
981 1297 1092 1350 iissiod.
1107 1298 1207 1362 Theop.

129 1375 191 1427 2³3.
231 1376 319 1438 Apoii.
347 1376 410 1439 Arg.
430 1375 464 1434 t,
482 1376 550 1427 771:
579 1376 623 1429 όνὶ
643 1375 742 1446 πόντῳ
758 1376 884 1446 Αἰγαίῳ,
902 1374 971 1428 τόθι
989 1379 1043 1447 πέρ
1065 1391 1095 1428 τε
1122 1372 1211 1441 δόμοι

130 1454 252 1527 Νηρῆος
270 1449 366 1507 ἔασιν.
402 1456 508 1505 Dictum
527 1456 605 1508 buius
621 1453 720 1508 ἁλίοιο
738 1458 891 1529 γέροντος,
911 1469 942 1506 ex
961 1456 1073 1519 Cyciico,
1094 1460 1125 1504 ut
1142 1456 1211 1505 arbi·

130 1543 200 1597 tror,
223 1535 315 1596 atiquo
333 1539 412 1596 poeta
430 1537 558 1597 petitum,
578 1544 706 1590 memorat
722 1536 801 1586 Pind.
820 1536 897 1600 Pytb.
917 1535 945 1596 c,
964 1535 1008 1585 ct.
1030 1560 1060 1570 -·
1091 1535 1211 1599 singuta-

131 1626 186 1665 rem
209 1614 291 1665 Nerei
313 1626 385 1676 equo
413 1616 515 1664 marino
533 1616 600 1667 vecti
626 1618 766 1678 imaginem
791 1616 901 1678 praebet
919 1614 1038 1666 Gerbard
1060 1615 1209 1681 Vnaarspaso.

131 1694 163 1743 T.
181 1693 210 1742 8.
248 1692 323 1743 idem
340 1691 470 1751 Peieum,
501 1693 639 1745 Thetidern
658 1696 721 1744 dum
739 1699 825 1757 rapit,
856 1698 981 1755 intuens,
1012 1708 1092 1746 senex
1110 1695 1209 1757 curus,

132 1773 276 1833 barbatus,
306 1775 454 1834 scipionem
476 1786 554 1824 nranu
578 1780 691 1834 tenens,
722 1782 764 1827 est
785 1775 856 1837 apud
879 1776 1107 1826 Rapui-Roobette
1132 1774 1209 1825 uos.

130 1853 200 1903 isid.
222 1853 251 1903 i.-
266 1853 298 1903 T.
318 1854 345 1903 2.
359 1878 387 1888 -
405 1853 624 1909 vaticinationem
641 1860 730 1906 autem
748 1855 810 1907 ideo
833 1855 883 1904 diis
904 1857 1011 1906 marinis
1027 1853 1151 1904 tribuisse
1173 1856 1211 1904 ri·

131 1934 230 1985 dentur
252 1935 334 1994 prisci
360 1933 497 1992 bomines,
528 1936 607 1983 etiam
624 1933 749 1986 Germani
769 1931 920 1998 (recordare
943 1935 1063 1998 Virgines
1084 1933 1141 1983 illes
1163 1932 1211 1982 tiu·

129 2015 234 2065 riatiies
246 2018 275 2063 in
292 2008 507 2077 Nibeiungiasie),
526 2015 588 2074 qnia
605 2021 702 2066 nautas
721 2016 859 2068 cotidianis
874 2014 998 2076 pericuiis
1011 2015 1135 2075 expositi,
1156 2014 1208 2063 sin·

130 2094 189 2158 guia
220 2098 409 2169 tempestatum
433 2095 506 2156 signa
532 2098 631 2145 attente
653 2093 837 2153 observantes,
867 2094 945 2144 undis
965 2106 997 2145 ae
1023 2096 1108 2145 ventis
1133 2103 1211 2144 voces

131 2172 231 2225 ‹iirinns
244 2178 271 2224 et
283 2175 360 2236 quasi
374 2171 482 2223 oracula
494 2171 652 2233 tribuebant.
675 2199 705 2209 —
724 2172 800 2224 itera
818 2177 960 2224 astantem
978 2173 1044 2223 baec
1060 2170 1212 2234 φαντασία

129 2252 218 2315 iyrioa,
237 2257 294 2302 tota
307 2265 340 2303 ex
358 2251 462 2302 Graeco
474 2251 565 2315 aliquo
586 2255 701 2303 carmine
718 2252 814 2310 dueta3
833 2254 990 2314 neutiquam
1007 2265 1070 2303 nero
1086 2249 1211 2313 otiosoria

130 2332 162 2382 tie
180 2331 298 2382 Antonio
317 2338 346 2384 et
366 2331 528 2391 Cleopatra,
555 2335 586 2381 ut
603 2331 744 2384 arbitratus
765 2337 805 2384 est
833 2331 987 2384 Scholiasta,
1000 2329 1070 2392 apud
1092 2328 1211 2381 vanusn-

130 2410 210 2474 bourg
233 2410 256 2459 Ι.
286 2422 314 2472 p.
336 2409 402 2460 334.
434 2422 525 2471 neque
551 2422 599 2472 per
619 2411 699 2463 uiinnr
726 2411 851 2475 ‹iiiopiarn
878 2416 906 2462 in
932 2417 1108 2463 transversum
1137 2411 1212 2460 actus

130 2492 256 2551 picturam
267 2490 336 2541 bano
353 2488 438 2541 nobis
457 2496 520 2541 anta
539 2490 630 2543 oeuios
642 2494 717 2553 ponit
730 2495 819 2552 poeta.
836 2515 866 2528 -
886 2490 1092 2552 compositionis
1105 2494 1210 2549 tempus

132 2570 229 2622 ieiiniri
246 2584 300 2624 non
317 2576 424 2635 potest.
463 2569 585 2622 Nonnuiii
604 2570 723 2622 reiorum
741 2572 774 2622 ad
794 2583 818 2621 a.
839 2585 867 2621 rr.
885 2583 909 2621 e.
928 2568 994 2622 iat·
