2854 4824
15 958 21 1269 i

14 3016 31 3483 i

12 3596 33 4311 i

568 351 631 400 tili.
652 352 672 400 i.
711 351 740 400 s..
762 351 796 398 ii.

431 511 593 594 Aequore
616 509 751 577 domae..

244 631 411 696 Vidimus
435 624 559 696 flavum
579 632 723 699 Tiberim
746 634 883 697 retortis

243 755 371 818 Litore
397 748 556 819 Etrusco
569 756 735 819 violenter
757 755 853 819 undis

246 877 306 940 lre
333 858 517 941 deiculum
530 862 737 941 monumento
751 870 852 963 'regis

429 996 634 1084 Tempiuque
655 997 798 1082 Vestue3

245 1120 338 1184 iliae
362 1118 442 1183 dum
465 1138 504 1184 se
527 1121 656 1185 nimium
679 1121 832 1205 querenti

167 1345 209 1392 12.
237 1344 372 1392 dammae
391 1341 483 1390 iibTo.
508 1367 538 1375 -
576 1342 618 1392 15.
638 1343 773 1392 dumetum
792 1342 997 1405 Cuningbemius
1015 1357 1046 1394 ex
1064 1344 1127 1394 ilios.

123 1539 185 1575 num
205 1526 340 1587 pbocoe,
369 1523 433 1573 oiim
459 1525 572 1585 oprtoori
599 1530 656 1575 tun·
693 1525 718 1575 ui
745 1537 760 1574 e
784 1523 860 1573 iitoro
886 1527 965 1574 maris
984 1523 1088 1574 Etrusci
1106 1527 1161 1576 alre
1180 1526 1213 1576 eb

123 1610 170 1653 tum
190 1608 220 1654 in
244 1605 331 1654 litore
351 1594 463 1663 solitarie,
496 1615 567 1652 nuno
584 1606 654 1665 ipsos
693 1604 760 1652 ostio
779 1604 835 1652 eius
854 1616 939 1666 oquae
958 1603 1129 1663 repelluntur.
1149 1604 1210 1653 Viti.
1309 1672 1314 1679 ι

122 1691 218 1734 nonies
238 1683 396 1745 obtegunt;
425 1682 524 1732 deinde
550 1685 652 1744 pisces,
691 1684 782 1733 Feom.

121 1766 143 1812 iu
163 1771 234 1814 terre
255 1776 294 1812 ne
315 1764 418 1822 spirare
439 1763 549 1825 quidem
567 1763 655 1814 veien-
727 1762 770 1811 15.
789 1762 916 1811 deiectum
929 1775 976 1813 «er
989 1761 1167 1814 fundamentis
1177 1765 1214 1815 iu·

120 1850 167 1904 ies,
194 1846 252 1892 inm
284 1843 369 1892 etium
397 1855 478 1903 supro
504 1847 599 1891 terrum
626 1845 654 1891 in
691 1839 850 1891 beioototum
870 1846 896 1890 ot
908 1840 1040 1890 dirutum»
1058 1839 1139 1906 (nont
1161 1845 1213 1892 aie

119 1922 303 1972 eminentibus
315 1933 348 1971 ex
361 1933 431 1982 eque
442 1921 578 1971 arboribus
592 1921 654 1972 bue·
690 1922 801 1978 motum,
821 1920 992 1971 destructum.
1013 1918 1156 1985 Cuningb.)
1181 1948 1213 1960 -

118 2007 188 2060 reut;
222 2002 352 2062 denique
383 1998 492 2058 demae,
522 2000 653 2050 domicilio
691 2005 860 2048 monumenta
878 1997 959 2062 repit]
979 2001 1088 2063 Regium
1110 2001 1213 2053 Numae

117 2094 161 2130 sue
178 2094 241 2130 eum
267 2080 367 2140 phocis
394 2084 594 2139 permutantes,
625 2080 652 2128 in
689 2077 812 2139 Pompilii
831 2074 909 2140 (quoe
923 2078 1213 2141 plerumqueebsoiute

118 2174 232 2223 aequore
251 2164 381 2208 natant.»
643 2152 648 2163 ¹
690 2157 785 2206 dieitur
807 2154 901 2220 iiepia)
926 2164 953 2208 et
972 2159 1098 2219 tempium
1117 2161 1212 2211 Vestae

149 2239 192 2288 13.
212 2235 336 2305 flauum]
359 2249 482 2297 «semper
500 2236 554 2286 iere
572 2249 652 2287 otene
689 2238 753 2285 item
775 2248 790 2284 o
810 2235 895 2285 Nume
919 2236 1054 2285 conditum
1075 2240 1102 2287 in
1121 2245 1212 2289 octove

119 2317 198 2369 lutoso
212 2321 364 2368 mixtum.»
389 2316 461 2379 virg.
474 2316 542 2365 Aen.
552 2316 579 2374 7,
596 2316 628 2364 31
642 2330 649 2364 :
690 2317 796 2377 regione
810 2314 843 2364 eii
862 2315 963 2364 rudines
976 2318 1072 2366 montis
1087 2316 1210 2367 Peintini.

121 2397 259 2447 Tiberinus
274 2395 428 2445 Vorticibus
437 2395 543 2455 rapidis
551 2400 574 2444 et
586 2395 652 2444 mul·
688 2393 773 2455 Repia
801 2400 892 2445 nutem
910 2396 946 2444 ite
968 2396 1059 2445 innota
1077 2402 1133 2446 erut
1151 2396 1212 2446 aedi

119 2479 249 2543 tatianus
270 2487 369 2524 arena.
393 2500 424 2508 -
448 2473 552 2523 Tiberis
572 2487 652 2524 erun·
689 2473 800 2533 Vestae,
823 2478 853 2524 ut
871 2475 928 2523 eius
946 2476 1021 2535 quasi
1040 2478 1137 2525 utrium
1156 2476 1212 2526 eiii·

120 2557 237 2607 iiutiones
255 2567 369 2615 semper
387 2556 414 2603 in
433 2553 559 2614 prodigiis
578 2553 652 2604 bobi—
689 2559 769 2604 oeret.
790 2554 847 2605 Liv.
863 2551 907 2612 26,
922 2553 972 2602 27:
987 2555 1087 2602 atrium
1096 2557 1210 2618 replum,
1296 2614 1301 2625 .

119 2642 167 2686 tte.
188 2636 245 2686 Cir.
270 2634 360 2683 Tacit.
382 2632 453 2681 Anu.
472 2634 498 2691 1,
512 2632 556 2680 76.
593 2633 651 2684 iiie-
689 2633 1048 2684 ettontinuoauieel'ettae.
1074 2635 1209 2686 Piuturcb.

119 2716 252 2766 morabilis
268 2719 364 2764 autem
381 2713 447 2762 bueo
466 2712 576 2761 Horatio
589 2713 650 2763 ideo
689 2711 834 2763 Numo1i:
854 2708 1009 2772 Ἐδείματο
1019 2712 1146 2778 πλησίον
1156 2713 1212 2765 τοῦ

119 2798 170 2846 risu
197 2801 258 2854 est,
297 2790 389 2855 quod,
431 2795 462 2840 ui
491 2791 570 2840 trudit
598 2791 651 2840 Pii·
689 2792 742 2857 τῆς
765 2785 887 2853 Ἑστίας
911 2788 993 2861 ἱεροῦ
1023 2788 1077 2856 τὴν
1106 2791 1211 2844 καλου·

120 2878 173 2937 nius
188 2874 225 2923 Η.
247 2873 285 2924 Ν.
307 2870 343 2930 3,
366 2870 402 2919 9:
423 2870 466 2918 itio
486 2872 572 2918 amois
589 2883 651 2919 aar·
686 2873 780 2936 μένην
794 2865 925 2936 Ῥηγίαν.
964 2870 1042 2920 Ouid.
1070 2872 1141 2921 Fosi.
1174 2870 1208 2930 6,

120 2968 193 3016 uuam
212 2954 308 3016 mauis
329 2951 408 3013 aquit
436 2963 520 3011 quam
537 2952 565 2997 in
586 2950 651 2999 urbe
687 2948 757 2998 263:
784 2950 837 2998 Hic
850 2950 924 2998 loeus
942 2951 1070 3013 enipeus,
1089 2951 1136 3013 qui
1153 2960 1211 2998 tut-

120 3033 312 3098 ttapoantibus
330 3035 406 3078 natet
428 3028 585 3092 inteilipitur
602 3043 651 3090 po·
686 3030 754 3077 tinet
775 3029 848 3077 atria
869 3028 976 3084 Vestae,
1005 3029 1077 3078 Tune
1095 3033 1153 3078 erat
1170 3031 1210 3078 iu·

121 3116 166 3163 tim
183 3129 216 3163 ao
236 3112 381 3163 monitor,
403 3113 488 3157 auctu
501 3122 650 3169 semperre-
687 3110 759 3157 tomi
777 3110 852 3171 repia
863 3120 966 3169 mapua
977 3108 1088 3157 Numae.
1127 3108 1207 3158 Tritt.

121 3194 224 3257 liniatus
254 3193 349 3242 verim
382 3202 465 3250 quam
492 3201 594 3237 saeuus.
616 3214 647 3222 -
687 3185 719 3245 3,
745 3188 777 3245 1,
802 3185 853 3235 30:
881 3188 958 3248 repia
981 3199 1073 3247 parua
1095 3188 1206 3237 Numae.

121 3277 218 3323 retortia
229 3265 378 3330 uiolenter]
401 3283 415 3312 u
424 3267 522 3316 Contra
535 3266 649 3319 fluminis
687 3266 794 3316 Servius
810 3266 843 3317 ud
861 3266 930 3317 Aen.
944 3266 971 3326 7,
986 3266 1054 3315 153:
1076 3267 1209 3327 Templum

122 3360 231 3404 naturam
243 3358 397 3402 retrorsum
412 3347 523 3407 pulsis.»
558 3345 590 3394 V.
610 3359 649 3394 ra·
689 3346 778 3395 Vestae
804 3360 858 3395 moa
887 3344 977 3408 (uerat
1004 3347 1122 3408 aupurio
1148 3359 1208 3395 oom-

122 3436 274 3486 tortisvetat
295 3431 331 3480 de
353 3427 464 3476 Tiberis
483 3427 541 3485 ripa
557 3424 647 3474 dentre
685 3430 831 3478 sacratum,
860 3440 892 3475 uo
914 3427 979 3475 illue
997 3426 1149 3475 conveniret
1171 3438 1209 3477 se·

121 3514 256 3575 explicare3
299 3519 475 3574 quamquam
508 3504 571 3552 litus
599 3518 647 3566 pro
684 3509 781 3563 natue,
811 3505 856 3555 ubi
873 3511 952 3554 erant
973 3504 1113 3566 Virpinm
1142 3517 1208 3552 nam

119 3595 171 3655 ripa
193 3601 232 3646 est
254 3593 331 3642 Aen.
361 3586 390 3647 3,
419 3583 483 3632 389.
503 3583 537 3642 8,
557 3581 600 3631 83.
622 3590 648 3634 et
685 3585 748 3634 liaeo
760 3583 850 3645 sumat
867 3587 943 3648 mpla
957 3584 1059 3633 Numae
1071 3584 1205 3645 Pompilii.

118 3674 178 3725 tlibi.
198 3701 229 3710 -
248 3673 375 3723 sinistra
394 3670 489 3716 autem
504 3660 530 3710 ir.
545 3662 563 3711 i.
576 3663 647 3713 nuilo
685 3664 798 3714 Festus:
822 3662 975 3711 Rotundum
999 3662 1090 3712 aedom
1117 3662 1206 3712 Vestae

114 3757 351 3821 nodosiguiiicere
368 3749 465 3810 potest
479 3741 646 3802 «inlausta»,
684 3742 772 3792 Numa
790 3743 953 3790 consecrauit
971 3747 1021 3792 oet.

112 3845 134 3889 ui
148 3841 198 3893 mn
215 3840 329 3890 comm.
354 3828 447 3886 Cruq.
470 3827 515 3878 et,
535 3827 563 3870 ut
577 3822 648 3872 uide·
720 3821 764 3870 17.
783 3817 861 3880 iliae]
882 3833 903 3869 s.
924 3821 997 3871 Reae
1019 3816 1081 3883 (non
1102 3816 1204 3886 Rhene)

108 3927 142 3971 tur
162 3924 242 3973 etiam
256 3913 394 3968 Liibirer.
414 3926 449 3938 -
473 3900 570 3960 Opinio
583 3901 648 3951 baec
685 3900 791 3958 Siluine,
808 3899 915 3961 quaeh.
930 3900 948 3949 Ι.
963 3899 1205 3959 etopudCieudia·

104 3958 149 4053 oroi
160 4008 256 4065 estque
284 3992 464 4047 etiamnunc
486 3979 582 4039 popelli
595 3981 647 4029 Ro·
684 3992 748 4028 num
767 3980 795 4026 in
812 3976 920 4026 Probini
945 3983 971 4028 et
996 3977 1094 4040 Olybrii
1123 3978 1202 4027 Cous.

101 4087 158 4135 ms
206 4078 325 4131 Tiberis
367 4063 520 4117 eluviones
553 4072 583 4109 ex
615 4073 646 4110 eo
683 4059 745 4107 225.
772 4052 886 4119 (Tiberis
906 4055 984 4105 Palla
1003 4068 1097 4118 prount
1117 4058 1204 4105 iume-

100 4168 148 4215 oiiri
159 4120 174 4223 ‚⁹
194 4160 273 4227 quod
305 4148 497 4204 murinorum
522 4137 646 4187 fluctuum
683 4149 729 4184 ros
741 4136 827 4193 uelat,
847 4146 928 4194 paam
945 4140 1054 4182 natuerat
1065 4147 1135 4182 onor
1149 4135 1202 4182 ilio
