2908 4796
203 316 284 388 app
595 315 743 369 nonam
763 315 906 367 aionon

336 477 426 544 lllrls
447 496 545 566 agam
567 496 648 563 vos3
669 475 743 543 (lira
763 476 947 541 detestatio

282 598 289 609 '
376 600 477 666 Nulla
500 600 657 683 expiatur
681 599 826 664 victima.

335 719 441 803 Quin,
461 720 519 785 ubl
541 720 650 804 perire
672 722 783 783 iussus
804 721 1040 803 exspiravere,

378 842 572 909 Nocturnus
595 857 766 905 occurram
789 839 883 904 iuret·

337 963 519 1046 petamque
540 961 655 1026 voltus
677 961 792 1027 umbra
814 963 929 1027 curvis
949 961 1140 1050 unguibus,

379 1081 474 1165 Quae
495 1083 549 1148 vis
570 1082 704 1147 deorum
728 1078 958 1168 tenimentum,

338 1205 384 1271 ut
406 1206 563 1289 inquietis
584 1202 738 1269 assidens
759 1203 967 1287 praecordiis

382 1326 516 1390 Pavore
537 1344 673 1390 somnos
695 1325 855 1390 auferam.

215 1514 295 1564 modo
314 1512 460 1564 exercetis:
490 1521 554 1568 ergo>
577 1509 657 1559 merla
678 1522 738 1560 sen·
754 1507 758 1541 ¹
776 1510 822 1561 sed
836 1510 886 1561 boe
908 1509 972 1559 mihi
995 1523 1066 1560 nune
1084 1510 1210 1561 adversus
1235 1522 1299 1569 ros,

215 1592 287 1643 sibus
308 1591 429 1640 humanis
452 1587 629 1650 mollibusque
651 1592 738 1649 preci·
755 1554 758 1664 i
776 1604 844 1653 quae
870 1589 999 1640 humanos
1025 1603 1121 1641 sensus
1141 1576 1301 1639 iamdudum

216 1671 264 1720 bus
287 1669 401 1726 relictis,
423 1668 520 1728 qulbus
545 1680 592 1715 vos
617 1669 737 1731 mitigare
776 1672 903 1733 exuistis,
919 1674 1044 1733 negatum
1057 1675 1125 1720 est.»
1141 1691 1170 1702 -
1184 1664 1300 1730 uenena]

216 1754 268 1800 lum
279 1748 402 1808 despero,
414 1746 595 1807 adreligtones
606 1759 738 1798 recurram
776 1750 871 1799 Adde:
906 1755 956 1798 «et
984 1762 1054 1811 quae
1084 1748 1150 1797 baec
1175 1751 1299 1800 miscent,

217 1829 336 1890 dirisque
353 1839 399 1876 vos
419 1825 585 1888 exagitato.»
614 1824 738 1876 Ceterum
776 1838 853 1889 sagae
875 1828 1098 1878 consceleratae.»

217 1919 313 1958 novena
329 1904 391 1955 alias
413 1905 647 1973 interpretationes
660 1916 740 1965 expo·
811 1906 855 1955 89.
876 1906 950 1955 Diria
961 1902 1106 1970 apameae]
1121 1905 1178 1955 le.
1189 1903 1235 1962 te,
1250 1903 1301 1955 56:

218 1998 313 2036 nemus
333 1989 360 2034 ln
384 1984 448 2035 linc.
466 1985 503 2035 ΙΙ.
777 1984 888 2033 umbros
899 1987 1013 2034 insontia
1021 1985 1173 2045 interempti
1184 1983 1232 2047 tilii
1243 1996 1304 2032 eum

252 2066 308 2114 lant
329 2063 465 2113 videamus
484 2063 597 2128 singula.
624 2062 678 2112 Fas
697 2073 741 2109 aa·
777 2064 845 2112 diris
857 2064 1007 2128 apitobuat.
1023 2088 1054 2098 -
1072 2062 1135 2111 dira
1147 2059 1301 2125 detestatio]

217 2146 311 2208 surque
333 2156 364 2194 ex
385 2143 581 2193 cousuetudine
600 2142 693 2192 Latina
712 2143 739 2191 in
779 2141 860 2193 «Vim
874 2142 1012 2206 religiosae
1034 2143 1233 2203 imprecationis
1256 2153 1303 2192 ne·

219 2224 270 2272 lllls
289 2234 378 2271 suoru·
389 2227 415 2287 et
436 2220 575 2283 profane,
606 2221 742 2270 divinati
778 2237 822 2273 mo
840 2223 956 2286 elingere
978 2227 1082 2282 potest:
1094 2234 1109 2263 u
1130 2224 1156 2270 et
1173 2220 1223 2270 boc
1242 2222 1303 2280 qul·

219 2302 353 2361 bumana,
372 2299 460 2362 funde
476 2299 611 2361 nefanda,
631 2300 741 2348 imitatu
779 2303 839 2352 dent
859 2314 889 2351 ex
909 2302 1176 2350 communicatorum
1196 2310 1303 2358 persua-

219 2380 375 2432 intonsae,
396 2379 507 2429 dicendo
525 2376 637 2428 iocando
655 2373 742 2451 (ῥητὰ
778 2384 862 2432 aene.
890 2379 1042 2430 Recordare
1065 2376 1145 2427 modo
1172 2378 1236 2426 diris
1258 2377 1304 2428 de·

219 2461 272 2511 sut
289 2452 433 2529 ἄρ’ῥητα),
461 2458 592 2520 significat
611 2461 741 2508 «omnino
778 2466 869 2513 retum
882 2459 916 2509 ab
928 2459 1006 2508 Ateio
1022 2457 1083 2507 trib.
1104 2457 1140 2517 pl.
1164 2456 1300 2517 Crassum,
1375 2489 1377 2494 -
1432 2458 1433 2497 l

221 2539 320 2594 emula,
340 2549 409 2598 quae
429 2537 469 2587 lex
482 2538 571 2586 divina
587 2539 678 2586 statuit
696 2543 742 2587 aut
780 2553 860 2604 quern
885 2539 955 2589 nulla
975 2539 1135 2589 caerimonia
1158 2538 1250 2598 potuit
1269 2535 1303 2585 ab

220 2617 293 2666 licita
306 2628 364 2664 esse
377 2619 423 2662 aut
436 2614 571 2664 nelariazu
590 2620 622 2663 ut
640 2615 742 2676 Sopho·
780 2622 859 2670 exitio
878 2631 991 2669 servare.
1014 2617 1140 2667 similiter
1159 2619 1219 2665 curn
1233 2616 1302 2665 diras

220 2695 269 2746 elis
288 2693 374 2744 verbis
393 2700 452 2742 utar
472 2696 499 2742 in
514 2693 581 2745 Oed.
596 2694 658 2758 Tyr.
672 2695 740 2744 aet:
780 2705 875 2749 nautae
901 2701 998 2747 minata
1018 2702 1087 2748 esset
1105 2695 1228 2757 nauiraql
1246 2707 1304 2744 um·

221 2769 308 2839 λόγοι
321 2765 397 2840 ἔργα
416 2787 446 2822 τε
463 2769 574 2835 πάντα,
590 2764 632 2823 ὦν
653 2771 743 2837 νόμοι
780 2778 827 2827 bra
846 2777 897 2826 Od.
918 2777 950 2835 1,
970 2776 1020 2834 28,
1040 2775 1084 2824 34.
1109 2776 1198 2824 addit:
1221 2773 1304 2836 Teque

222 2847 392 2920 πρόκεινται
406 2844 576 2916 ’Υψίποδες,
597 2847 742 2923 οὐρανίαν
777 2857 889 2918 piacula
909 2854 984 2904 nullu
1005 2854 1145 2904 resolvent.
1177 2852 1246 2901 Plln.
1268 2851 1302 2899 ll.

221 2929 265 2980 Δι’
288 2926 395 2997 αἰθέρα
413 2927 617 2993 τεκνωθέντες,
642 2920 744 2980 ‹ivio-
780 2936 813 2986 Ν.
837 2934 886 2993 28,
911 2933 965 2982 at:
998 2932 1082 2997 Defipi
1103 2931 1207 2997 quidem
1237 2930 1305 2978 diris

222 3007 335 3073 λυμπος
348 3005 450 3078 Πατὴρ
459 3007 564 3070 μόνος·
582 3007 744 3058 eollatlsAn·
781 3010 1009 3075 deprecationibus
1026 3023 1101 3060 nemo
1125 3023 1181 3060 aon
1201 3009 1303 3058 metuit.

222 3088 268 3148 itt·
290 3098 330 3136 Π·
343 3083 407 3134 454·
421 3098 497 3146 seqq.
511 3087 638 3150 Maestum
654 3093 744 3137 tutem
781 3090 1028 3144 Suetonllluuddb
1038 3104 1045 3138 r
1055 3086 1306 3152 quosiperrieidurtt

222 3165 281 3228 fui,
302 3165 365 3226 (1⁰¹⁸
381 3164 498 3215 dlllssllffl
512 3171 593 3227 atque
605 3171 743 3216 mimum
783 3172 852 3222 diris
883 3168 1111 3220 exsecrationibus
1128 3169 1270 3216 lacessere.

224 3248 264 3294 att
282 3243 423 3292 uiscnmeu
449 3245 518 3293 luter
539 3243 578 3293 ias
599 3249 681 3304 atque
698 3257 746 3295 ne·
816 3250 861 3299 92.
876 3248 920 3298 93.
934 3243 1195 3309 Nocturnus-furor]
1208 3245 1304 3303 lemur,

223 3320 273 3372 ias.
293 3344 323 3354 -·
340 3320 486 3370 humanum
501 3320 595 3384 vicem]
616 3334 746 3385 «quotuo-
783 3332 864 3381 larva.
895 3326 994 3390 (Furor
1013 3338 1061 3387 pro
1077 3326 1179 3381 Furia,
1201 3324 1249 3374 sed
1266 3323 1306 3386 su«

225 3398 259 3451 (lo
272 3400 425 3450 hominibus
438 3398 574 3463 δυνατόν,
590 3414 745 3453 concessum
784 3421 870 3457 rorem
884 3407 958 3465 (lixit,
979 3418 1038 3455 eum
1058 3404 1091 3455 tle
1108 3416 1192 3464 puero
1202 3406 1304 3466 agatur.

224 3485 299 3539 est»;
337 3480 497 3530 «nominum
533 3492 651 3541 mereo,
687 3481 753 3544 cui
786 3483 899 3547 Gnoss.)
936 3484 1058 3548 Aeschyl.
1085 3482 1304 3543 castenetto:

224 3558 448 3608 menrebiicte
468 3559 587 3609 Weiss:
607 3572 669 3611 nam
688 3565 746 3610 ntu-
784 3567 842 3618 Καὶ
861 3562 958 3616 λύσσα
982 3565 1034 3613 καὶ
1058 3560 1186 3625 μάταιος
1200 3558 1235 3610 ἐκ
1259 3575 1307 3611 vu·

224 3644 268 3689 aas
286 3637 479 3696 vicem‘rloleo,
496 3640 587 3689 antius
607 3651 677 3699 sum,
697 3642 747 3690 lra-
785 3641 862 3695 κτῶν
881 3639 993 3705 φόβος.
1020 3640 1089 3689 ibid.
1105 3639 1175 3689 505:
1194 3634 1243 3688 Ἐκ
1259 3653 1307 3688 νυ-

225 3729 311 3775 seor»,
322 3718 373 3766 boc
385 3715 530 3777 significet:
545 3717 657 3769 «eedem
667 3718 746 3767 modo
785 3716 988 3785 κτιπλάγκτων
1013 3716 1159 3782 δειμάτων
1171 3740 1213 3764 -.
1232 3717 1305 3779 virg.

225 3798 322 3856 doleo,
338 3806 368 3847 at
378 3796 443 3845 mibi
456 3800 558 3845 certum
570 3803 643 3848 astte
656 3798 746 3848 dolare
784 3800 852 3850 nen.
865 3798 893 3858 i,
908 3796 977 3846 386:
998 3795 1233 3847 Omnibucaatbru
1244 3796 1308 3843 iooit

225 3877 591 3938 deberemfloeergedleltt
612 3878 748 3928 ‹ellasso-
785 3879 884 3927 admo:
915 3876 1010 3932 ciebis,
1037 3873 1171 3936 improbe,
1194 3885 1306 3935 poenus.

225 3955 281 4005 leat
299 3957 419 4007 homines
439 3958 608 4006 miseratione
624 3961 651 4007 et
663 3960 748 4018 precl-
785 3956 863 4008 one.
887 3958 913 4004 ln
932 3955 1008 4006 lbirle
1027 3968 1051 4005 v.
1068 3952 1138 4002 itai
1161 3952 1226 4001 Tum
1243 3964 1308 4016 que-

225 4035 564 4085 busmolltreinlmlcorum
575 4037 746 4098 testiumque
785 4047 833 4097 que
851 4032 983 4095 suetorum
1000 4034 1106 4081 ueniam
1124 4040 1226 4080 memet·
1251 4029 1308 4078 Um·

225 4115 360 4164 saevitiam
381 4124 529 4175 eorumque
548 4117 613 4166 tram
629 4116 745 4176 macera,
785 4115 834 4164 bre
860 4118 986 4162 tuorum:
1015 4112 1144 4175 inaequm
1168 4115 1194 4158 at
1221 4109 1308 4159 veiim
