2956 4812
230 368 318 438 333·
588 368 738 422 uouern
757 368 947 425 oraminum
1023 372 1026 379 ·

548 938 829 1020 CARMEN
854 940 998 1019 vlu.
1056 953 1060 961 ’
1164 980 1166 985 v

358 1137 496 1204 Mertlls
516 1139 654 1205 coelebs
676 1138 755 1225 quid
776 1157 875 1228 agam
898 1137 1088 1223 Kalendis,
1108 1224 1110 1230 Ι

205 1343 215 1366 ι
271 1340 274 1347 ὁ
358 1258 448 1344 Quid
469 1261 577 1326 velint
599 1259 700 1326 flores
722 1264 757 1326 ct
779 1279 898 1326 acerra
922 1260 1033 1327 thuris

359 1362 484 1467 Plena,
506 1383 652 1470 miraris,
674 1382 998 1468 positusquecarbo
1020 1383 1054 1446 in

528 1503 687 1589 caespite
709 1505 810 1587 vivo,

1156 1220 1165 1251 l

286 1642 343 1712 03.
358 1660 433 1715 vlu,
469 1660 555 1710 inser.
576 1661 644 1723 volg.
664 1659 706 1711 Ao
722 1659 904 1711 Maecenatem
923 1666 949 1712 et
966 1663 1004 1711 sic
1022 1659 1133 1710 nosue.
1160 1686 1194 1695 -
1219 1662 1246 1710 1.
1265 1660 1322 1714 Kn-

233 1732 316 1784 lenttis
328 1731 427 1782 Bosa:
448 1730 570 1781 comedis
582 1730 703 1783 tenuit.
715 1736 742 1782 ot
751 1731 837 1783 Bentl.
855 1757 884 1768 -
900 1731 926 1780 3.
939 1732 968 1781 tn
981 1744 1034 1783 om.
1048 1732 1095 1781 Bc.
1110 1727 1228 1795 (Habent
1237 1731 1322 1796 bST.)

268 1884 344 1937 vui.
380 1885 566 1936 Maecenatem
584 1883 618 1935 ad
634 1883 705 1934 diem
722 1883 761 1936 ie·
797 1890 885 1935 tronas
914 1885 1049 1935 dumtaxat
1074 1889 1101 1933 ct
1126 1887 1234 1936 maritos
1262 1899 1323 1947 per·

234 1971 305 2018 stum
332 1966 513 2017 Kalendarum
538 1964 694 2015 Martiarum
719 1978 761 2015 se·
798 1967 913 2024 tineam,
941 1977 971 2014 ea
1002 1963 1173 2015 nihilominus
1198 1967 1234 2016 ita
1253 1966 1322 2017 cele·

234 2058 295 2096 cum
307 2045 495 2097 celebrandum
512 2044 605 2094 inritat
621 2043 758 2102 Horatius,
798 2044 895 2096 brem?
921 2043 1039 2101 terum.
1060 2046 1108 2094 etsi
1127 2057 1176 2108 ego
1195 2058 1243 2107 pro
1259 2056 1323 2096 oon·

234 2126 276 2177 vel
295 2122 376 2176 etlam
394 2126 507 2176 invitare
529 2135 557 2173 se
575 2124 759 2174 tantummodo
797 2126 864 2186 iugis
882 2125 1081 2174 conservatione
1099 2129 1160 2176 rota
1183 2127 1322 2185 suscipere

232 2204 327 2267 lingit,
348 2204 374 2254 id
399 2204 471 2267 quod
492 2203 557 2252 mlhi
575 2202 685 2266 quidem
704 2206 758 2255 reri
797 2216 908 2266 remque
937 2203 1053 2254 divinam
1084 2203 1171 2254 iacere
1202 2216 1321 2267 nequeo,

233 2283 346 2334 similius
373 2284 488 2334 videtur.
526 2282 611 2332 Scene
637 2286 760 2332 carminis
797 2290 906 2344 propter
925 2281 1003 2331 allam
1030 2288 1118 2333 tamen
1145 2295 1250 2334 causam
1270 2283 1322 2334 hoc

233 2365 270 2413 ita
284 2367 325 2413 est
339 2366 499 2424 comparata,
524 2364 599 2424 quasi
617 2361 759 2412 Maecena·
796 2362 924 2413 sollemne
942 2354 1039 2411 obeo.»

233 2449 287 2492 tem
311 2444 416 2492 iamlam
444 2441 530 2503 epulis
555 2443 685 2502 excipiat,
711 2443 759 2490 mi·
831 2439 920 2490 2-t.
940 2436 1031 2506 flores]
1062 2445 1131 2491 serta
1150 2446 1177 2491 et
1196 2454 1320 2493 coronae.

169 2520 174 2529 “
233 2527 352 2581 rentem,
381 2513 429 2571 cu'r
447 2521 550 2570 caelebs
579 2524 680 2570 amicus
708 2520 759 2570 hoc
796 2519 874 2571 Ovili.
894 2520 965 2570 Fast.
986 2518 1013 2579 3,
1031 2518 1093 2569 253.
1122 2519 1194 2570 Mars
1213 2521 1246 2571 de
1266 2533 1323 2570 ma-

233 2599 480 2651 modoMatronalla
491 2599 616 2650 celebret.
634 2599 674 2649 De
689 2612 759 2648 oom-
796 2602 918 2654 trasna,
944 2597 1047 2650 lunone
1066 2598 1186 2660 Lucina,
1211 2602 1249 2649 lta
1267 2613 1323 2651 ma-

233 2680 373 2742 posltlonis
399 2683 518 2740 tempore
543 2678 653 2729 consule
674 2679 759 2728 Lach-
796 2682 884 2728 trenas
902 2676 1066 2738 alloquitur:
1097 2677 1173 2728 Forte
1190 2680 1254 2729 eme
1272 2678 1322 2745 flo-

234 2771 361 2809 mannum
379 2760 407 2811 tu
428 2757 557 2808 Eroursu.
587 2802 589 2813 ,
795 2769 854 2814 rec;
872 2755 1237 2822 pandetflorentitnsterllia
1245 2757 1323 2808 Haec

267 2840 295 2888 1.
313 2836 589 2896 Martiis-Kalendis]
605 2837 645 2887 De
658 2837 758 2888 Matro-
796 2835 862 2884 deo:
881 2834 912 2884 dc
930 2841 1020 2886 tenero
1038 2836 1134 2900 cinpite
1149 2835 1217 2902 tiore
1228 2844 1320 2899 capet.

233 2917 339 2969 natibus
367 2918 394 2966 in
422 2917 550 2966 honorem
577 2915 686 2965 Iunonis
705 2915 758 2964 Lu·
797 2938 828 2948 -
848 2913 955 2975 acerra]
975 2912 1181 2986 θυμιατήριον,
1198 2915 1322 2977 istaec>-

233 2999 308 3047 cinae
339 2994 479 3046 celebratis
506 2994 554 3044 cir.
587 2995 666 3045 Ouid.
686 2994 755 3044 Fast.
795 2994 867 3064 τρίς,
887 3005 948 3043 arca
966 2997 1075 3054 turona,
1095 3004 1148 3045 non
1161 2995 1320 3045 turibulum.

231 3074 264 3136 3,
283 3074 345 3124 233.
382 3074 578 3127 Pseudotlbull.
608 3073 642 3134 3,
666 3075 700 3134 1,
720 3075 755 3123 1:
795 3072 891 3122 Veram
916 3084 1022 3124 acerrae
1051 3073 1162 3124 formam
1192 3079 1323 3126 monstrat

229 3155 329 3208 Mortis
346 3153 461 3204 Romani
488 3156 570 3218 {estes
593 3165 685 3204 emere
702 3152 758 3201 Iio·
794 3150 867 3201 Mos.
886 3151 1003 3201 Borion
1023 3151 1072 3200 1x.
1093 3152 1125 3201 Τ.
1144 3152 1189 3203 so.
1209 3178 1240 3190 -
1262 3154 1322 3202 ttu-

232 3234 341 3288 tentiae,
369 3231 511 3296 (liuentem
528 3235 630 3283 nostrie
647 3232 688 3281 tec
705 3230 758 3294 suit
794 3225 844 3290 ric]
863 3230 1126 3292 montanismum,
1147 3244 1207 3283 curu
1226 3235 1321 3284 aclttls

230 3326 319 3382 annac
336 3311 427 3375 eous)
453 3312 490 3363 Et
506 3325 578 3374 capa
595 3325 666 3360 nnnc
684 3315 758 3361 certo
794 3307 956 3359 Horatianae
971 3311 1198 3371 inscriptionibus.
1211 3337 1243 3346 -
1256 3312 1323 3361 Gae-

225 3392 384 3444 ‘coconem
399 3391 517 3454 undeque
539 3404 640 3453 pompe
657 3389 758 3454 Perque
793 3387 860 3445 spite
877 3384 950 3450 civo]
970 3402 1024 3450 qno
1043 3403 1115 3442 aram
1132 3393 1321 3451 temporariam

231 3472 292 3522 vioe
309 3472 385 3536 ortis
410 3483 525 3520 munero
549 3465 675 3534 (strenae)
697 3483 756 3531 pcr-
794 3470 967 3516 exstruxerat.
1020 3507 1024 3515 .

232 3562 282 3612 pue
302 3550 404 3600 domos.
426 3546 614 3613 (uMatronalla
632 3547 756 3598 diceban·
827 3544 854 3594 5.
873 3544 958 3596 Docte
975 3543 1118 3610 sermome]
1140 3547 1242 3611 Exigua
1254 3560 1321 3600 sane

232 3631 276 3678 tur
305 3641 358 3690 eo,
390 3629 463 3692 quod
498 3629 585 3678 martti
617 3640 665 3688 pro
695 3639 756 3677 con·
792 3623 851 3673 laus
869 3622 947 3683 loret,
967 3627 988 3673 si
1008 3626 1059 3674 hcc
1078 3630 1182 3676 tontum
1197 3627 1319 3677 diceret:

231 3709 380 3759 servatione
399 3709 513 3770 coniugii
541 3705 754 3767 supplicabant.»
794 3703 868 3763 «Tu,
883 3706 928 3767 qul
947 3707 1046 3766 optime
1069 3711 1096 3756 et
1112 3705 1214 3757 Graece
1231 3712 1258 3757 et
1270 3707 1321 3756 La-

231 3785 333 3838 Gomrn.
354 3785 447 3852 Gran.)
469 3813 498 3824 -
528 3783 644 3848 coelebs]
665 3785 755 3835 «Gom
792 3785 848 3833 tine
875 3785 965 3842 scls»;
997 3796 1067 3845 quac
1097 3790 1161 3834 tunc
1189 3791 1246 3836 erat
1264 3799 1322 3836 om-

229 3870 269 3925 tu,
288 3866 365 3916 docto
383 3869 483 3927 amice,
503 3864 586 3927 probe
606 3864 701 3916 calleas
721 3866 755 3912 ri·
792 3865 865 3911 nium
893 3862 1029 3913 hominum
1057 3875 1112 3912 non
1139 3877 1248 3926 prorsus
1274 3877 1321 3914 ru-

217 3935 272 3992 'tus
302 3951 383 4006 atquo
410 3945 583 3995 caerimonias
608 3944 754 4002 Romanas,
792 3942 865 3991 dium
892 3944 1014 3993 scientia.
1051 3943 1151 3995 Verum
1183 3944 1235 3993 hoc
1255 3944 1321 4012 dicit

229 4021 339 4074 tortasse
357 4024 505 4083 miraberis,
525 4034 573 4072 cur
591 4037 656 4087 ego,
676 4023 754 4072 caeli·
791 4032 845 4068 non
871 4020 929 4070 sinc
947 4023 1006 4070 ioco
1036 4026 1063 4070 et
1080 4020 1175 4073 festiva
1203 4024 1321 4086 quadam

228 4101 293 4152 bum
320 4114 380 4152 cum
398 4094 485 4154 nullae
513 4105 540 4153 lu
558 4092 752 4155 Matronalibus
790 4098 939 4168 etpcovctcpt
960 4099 1034 4160 «Tu,
1053 4104 1100 4162 qul
1119 4102 1220 4164 optime
1240 4103 1320 4154 calles

227 4183 281 4232 sint
298 4185 405 4243 partes,
434 4183 534 4244 quippe
553 4193 622 4245 quae
645 4181 680 4233 ad
699 4191 753 4229 ma·
790 4177 890 4228 litteras
901 4182 936 4226 et
954 4176 1068 4232 Graecas
1087 4187 1114 4233 et
1131 4182 1261 4244 Latinas,
1287 4194 1321 4233 ac
