2936 4804
216 281 312 353 575*
579 283 727 336 aunarii
746 285 934 337 canumori

216 445 310 509 ildtcess
327 443 403 508 iprae
420 443 592 518 honorificam
612 456 705 493 eorum
725 447 888 494 mentionem
909 443 1023 494 lecisset.
1061 441 1151 505 Atque
1164 444 1204 501 si,
1223 448 1255 494 ut
1265 445 1305 495 alt

216 523 349 583 Velleius,
377 534 481 573 summa
500 527 556 573 crte
576 522 619 573 ille
648 526 710 574 vitia
728 536 776 573 sua
794 523 990 582 dissimulabat,
1011 522 1104 572 eadem
1122 522 1229 572 latuisse
1249 523 1304 573 ilo-

217 606 316 653 ratium
335 605 442 653 minime
467 605 562 651 mirum
583 609 631 653 est.
681 602 814 663 Quocirca
833 603 876 652 iric
894 614 1003 665 quoque
1022 602 1182 653 adulationis
1201 603 1303 652 crimen
1410 604 1416 613 '

218 694 233 731 ο
253 687 331 744 pocta
351 683 427 745 louge
447 688 581 733 remotum
600 688 706 733 maneat
723 696 832 733 necesse
852 688 907 734 est:
937 694 1017 744 quam
1037 685 1106 732 enim
1127 681 1161 732 ol)
1181 693 1304 732 caussam

215 765 304 811 minus
324 763 460 811 honestam
486 762 601 812 Lollium
620 768 691 812 esset
717 761 859 812 adulatus?
880 787 910 796 -
933 761 1068 812 incertum
1099 766 1140 811 est
1166 759 1205 809 Μ.
1224 759 1302 808 Lollii

217 853 382 903 cognomen;
410 853 469 889 nam
495 844 522 890 iu
542 841 717 900 inscriptione
748 836 836 903 (apud
856 839 946 902 Sigon.
976 839 1095 902 etPigh.
1116 838 1148 887 ad
1170 837 1205 886 Α.
1227 833 1302 899 732.)

215 924 326 972 vocatur
343 919 495 980 simpliciter
510 920 549 969 Μ.
573 920 672 968 Lollius
693 920 730 971 M.
751 918 780 966 F.
802 925 828 970 et
846 920 917 969 Fasti
937 918 1077 980 Capitolini
1100 921 1159 968 eius
1177 919 1239 968 anui
1256 917 1304 967 dc·

216 1006 289 1051 suut.
328 997 484 1048 Poiiloaom
503 1003 622 1067 nominat
646 999 802 1050 Torrentius
820 1002 877 1049 sine
895 1004 967 1051 corta
979 1000 1156 1055 auctoritate.
1175 997 1223 1049 sed
1244 999 1303 1047 elus

215 1078 334 1141 aequalis
354 1078 384 1126 L.
407 1078 486 1127 Lollia·
504 1077 627 1128 Puliltona'
648 1085 750 1129 exstant
769 1081 879 1129 nummi.
902 1077 955 1127 Clr.
977 1079 1076 1128 Bokirel
1099 1078 1133 1128 D.
1147 1078 1181 1129 N.
1195 1076 1229 1125 V.
1241 1089 1302 1138 pag.

215 1157 295 1215 235.;
316 1157 431 1220 Ryclrius
450 1156 482 1205 ad
503 1157 567 1207 Tac.
589 1158 660 1207 Anu.
684 1160 730 1218 18,
750 1159 776 1207 1.
797 1164 824 1209 et
841 1157 972 1208 Obharius
985 1153 1024 1209 ud
1041 1158 1110 1219 iipp.
1125 1159 1151 1217 i,
1166 1158 1193 1206 2.
1213 1169 1240 1217 p.
1255 1155 1301 1204 11.

216 1235 388 1296 Puulllssum.
406 1238 470 1297 quia
488 1241 574 1298 neptis
593 1239 651 1288 eius
673 1237 761 1287 Lolit'u
786 1237 912 1287 Pusillam
930 1242 958 1287 et
973 1237 1012 1287 ti.
1031 1236 1134 1286 Lollius
1159 1235 1303 1285 Pouiltssua

216 1316 307 1365 consul
326 1316 452 1367 suffectus
472 1328 497 1365 a.
517 1330 545 1365 u.
566 1327 589 1364 c.
609 1315 671 1365 ato.
692 1316 751 1366 luit.
789 1316 842 1366 Sed
866 1318 915 1367 hoe
934 1330 1043 1380 quoquc
1068 1320 1215 1375 incertum,
1241 1325 1302 1363 cum

216 1407 264 1456 per
287 1394 352 1445 duas
375 1401 460 1446 tresve
488 1400 663 1451 aataiestum
687 1399 843 1459 cognomina
864 1396 1024 1459 permultum
1049 1399 1150 1448 rumara
1174 1394 1300 1446 solerent.

215 1473 366 1525 Pirauesius
380 1477 407 1522 in
419 1461 505 1525 Fastis
523 1473 556 1525 ad
568 1488 593 1525 a.
607 1474 669 1523 738.
685 1474 770 1536 Capit.
785 1489 846 1527 cum
859 1476 975 1536 appeiiat
993 1474 1031 1524 ti.
1048 1474 1163 1524 Lollium
1176 1473 1303 1523 Pasds‘um

219 1550 315 1601 Verum
338 1567 369 1604 er
390 1551 564 1613 lusoriptione
582 1554 721 1603 Ursiniana
739 1554 810 1615 apud
831 1554 907 1607 Grut.
928 1554 1006 1611 1031,
1029 1555 1057 1604 d.
1079 1554 1217 1605 mauilcsto
1238 1564 1302 1601 ouu-

215 1630 277 1680 ilcta
295 1644 326 1681 er
351 1631 443 1680 llorat.
467 1632 535 1693 Epp.
558 1633 585 1691 i,
606 1633 655 1691 20,
673 1632 717 1681 28.
739 1639 765 1682 et
782 1633 834 1683 alio
853 1636 923 1695 turpi
942 1648 1031 1685 errore
1050 1635 1083 1697 Q.
1108 1635 1186 1683 lanto
1203 1631 1302 1693 Lepido

217 1721 264 1769 pro
283 1708 391 1759 Aemilio
407 1712 556 1770 inquinata.
592 1711 707 1765 Lollius,
735 1711 768 1761 ad
789 1724 868 1774 quem
887 1719 929 1764 est
948 1713 1063 1774 lippi.
1088 1712 1133 1772 8.,
1162 1712 1241 1760 huius
1260 1708 1300 1759 Μ.

216 1788 295 1838 Lollii
316 1789 385 1843 fliius
402 1789 508 1841 ridetur
521 1789 611 1841 luisse.
630 1816 661 1825 -
679 1791 837 1841 «Poittarum
847 1791 1010 1844 Graecorum
1018 1792 1171 1855 Lyricorum
1181 1787 1302 1853 (quibus-

217 1881 278 1919 cum
303 1866 416 1919 iideuter
434 1882 498 1933 ego,
527 1868 665 1920 Romanus
689 1870 786 1933 fidt'eso
808 1871 897 1935 tyros,
916 1885 960 1923 me
979 1866 1138 1932 consocios)
1167 1871 1300 1925 carmina,

217 1948 322 1998 tametsi
341 1950 437 2007 primas
456 1951 527 2000 uitro
546 1948 689 2000 deiecimus
714 1950 842 2010 Homero,
862 1957 950 2002 manen
975 1952 1129 2001 etiamnunc
1147 1955 1250 1999 exstant
1270 1960 1303 1997 ac

216 2039 317 2076 summa
336 2039 397 2076 cum
415 2028 590 2078 admiratione
607 2028 641 2077 ab
658 2028 782 2078 omuibus
801 2029 939 2093 legentum
959 2032 998 2080 sic
1020 2042 1079 2081 mea
1103 2041 1213 2091 quoque
1230 2034 1302 2077 aeta·

216 2111 270 2157 tem
289 2105 432 2156 durabunt.
452 2107 505 2157 Sed
525 2107 648 2168 permulti
664 2110 810 2168 priscorum
829 2109 935 2159 iliorum
951 2110 1072 2168 heroum,
1093 2111 1138 2172 qui
1152 2114 1302 2159 antecesse-

216 2190 280 2233 runt
299 2184 413 2235 Troiana
440 2191 575 2247 tempora,
609 2187 714 2238 anulio
744 2193 822 2252 poeta
847 2189 989 2242 collaudati
1015 2202 1086 2240 nunc
1113 2192 1208 2239 misera
1235 2187 1302 2238 obii·

216 2265 295 2314 rione
314 2269 487 2323 premuntur:
517 2276 586 2327 quac
611 2266 702 2328 inioua
723 2267 829 2319 icrtuna
849 2283 882 2320 uc
900 2276 927 2323 te
945 2283 1054 2333 quoque
1072 2275 1196 2329 mancat,
1216 2267 1301 2325 Lolli,

217 2342 267 2391 hoc
285 2345 400 2393 carmine
415 2344 524 2393 eximias
537 2350 595 2393 tuas
607 2347 716 2396 virtutes
732 2348 901 2410 praedicante
923 2352 1003 2409 satis,
1023 2356 1053 2402 ut
1076 2362 1173 2412 spero,
1193 2351 1301 2398 cautum

217 2423 295 2471 crit.»
342 2421 474 2481 Scriptum
499 2422 604 2474 ridetur
634 2437 741 2477 carmen
772 2433 832 2488 post
859 2428 937 2481 Lollii
968 2431 1151 2482 consulatum.
1189 2428 1300 2477 lortassc

216 2505 276 2560 posi
292 2500 413 2559 cladem,
434 2514 512 2564 quam
528 2504 555 2553 ln
569 2504 711 2555 Germania
727 2519 820 2568 passus
834 2513 884 2567 est,
898 2511 967 2560 circa
985 2525 1010 2562 a.
1025 2525 1052 2561 u.
1067 2522 1091 2562 c.
1105 2509 1168 2559 738.
1182 2507 1224 2560 rel
1235 2506 1299 2556 738.

215 2582 328 2628 maxime
356 2585 466 2640 propter
484 2595 508 2631 v.
535 2582 586 2633 35:
618 2583 742 2633 secundis
765 2586 933 2648 Temporibus
956 2590 1094 2652 dubiisque
1117 2595 1168 2638 cet.
1197 2587 1300 2649 Quodsi

217 2656 275 2717 post
292 2657 360 2706 hauc
376 2663 550 2720 compositum
561 2669 610 2722 est,
631 2664 819 2717 consolationis
847 2670 904 2719 vice
929 2668 1047 2732 iungitur
1065 2669 1300 2719 existimationem·

217 2747 270 2797 que
289 2736 365 2785 Lollii
392 2738 434 2788 ilia
456 2742 635 2801 imminutam,
668 2749 798 2804 quatenus
823 2738 948 2797 civilibus
967 2752 1024 2799 elus
1047 2747 1191 2800 virtutibus
1219 2745 1301 2799 extol·

215 2812 300 2862 leudis
319 2815 376 2866 fieri
396 2822 513 2878 poterat,
534 2821 714 2882 redintegrare
733 2823 832 2875 studet.
