2854 4824
555 310 620 362 ΗΒ.
639 314 662 363 1.
699 314 729 367 C.
749 314 798 366 lll.

242 516 249 523 '
344 488 580 574 Pennrs‘non
603 476 724 615 bomini
746 480 851 602 datis3

273 622 460 712 Perrupit
483 628 683 699 Acheronta
705 622 892 704 Herculeus
913 639 1017 706 labor.

352 822 416 899 nri
437 827 634 933 mononem
653 814 748 897 arodi
771 838 841 920 ese

282 936 434 1008 Caelum
456 946 563 1029 ipsum
584 934 726 1059 petimus
747 956 890 1063 stultitia
913 938 1020 1043 ne'que

358 1062 431 1130 Per
452 1071 601 1167 nostrum
621 1075 765 1156 patimur
784 1077 898 1144 scelus

285 1160 464 1252 Iracundi}
486 1188 747 1279 lovem¹³ponere
761 1192 914 1264 'fulmina
1164 1206 1208 1268 ld

164 1431 207 1482 38.
227 1435 414 1498 Per-rupitque
444 1449 512 1488 corr.
540 1440 583 1500 b.,
611 1448 641 1492 ut
663 1444 768 1496 volebat
795 1446 949 1504 Glareanus.
984 1482 1015 1493 -
1064 1452 1107 1505 37.
1127 1458 1206 1508 ardui

20 1496 22 1577 ᾗ
119 1501 189 1553 bSTe
206 1511 235 1556 et
255 1505 366 1556 Bentl:
387 1508 504 1557 arduom
520 1509 632 1563 Lean.

111 1716 297 1778 sermnisque.
316 1738 349 1750 -
367 1715 529 1782 Acheronta]
542 1728 573 1771 ut
584 1721 646 1774 Cer·
682 1725 788 1779 velslne
799 1727 902 1783 dativo:
927 1732 983 1782 «ast
1004 1736 1083 1786 ardut
1101 1743 1138 1789 eat
1153 1740 1204 1791 hon

112 1792 203 1843 berum
216 1809 250 1846 er
265 1794 342 1845 Oreo
355 1797 523 1860 extraheret,
537 1814 589 1863 qna
602 1816 645 1853 oo·
682 1806 723 1856 vel
743 1806 807 1858 illud
820 1808 935 1861 lasere.»
954 1813 1096 1877 Nunquam
1112 1824 1203 1870 tamen

8 1890 9 1895 ¹
110 1876 216 1924 sasione
242 1888 314 1924 usne
340 1877 419 1926 simul
440 1881 554 1928 amioum
575 1881 644 1933 Tbe-
683 1884 876 1948 obliviscemur,
897 1891 982 1951 ipsum
992 1893 1130 1946 Horatium
1140 1900 1205 1947 sori·

108 1964 184 2001 saum
203 1954 347 2005 liberavit.
398 1954 453 2004 Cir.
478 1957 512 2007 ad
537 1959 588 2009 0d.
609 1960 642 2021 le,
681 1965 763 2025 psisse
784 1967 825 2017 vel
845 1968 952 2019 ordoist
981 1973 1022 2023 vei
1045 1977 1200 2039 arduumst,

107 2031 132 2090 7,
146 2033 193 2081 aa.
214 2059 249 2068 -
271 2032 426 2084 Herculeus
446 2034 533 2100 labor]
553 2040 643 2090 «ller-
681 2056 749 2105 quae
774 2057 836 2096 sane
869 2047 946 2098 iaolle
978 2052 1103 2104 conlundi
1127 2060 1201 2117 note·

106 2113 197 2173 onies,
220 2116 269 2176 qui
295 2126 391 2163 omnes
415 2115 518 2166 labores
540 2117 643 2168 fortiter
680 2128 737 2171 rant
757 2135 778 2172 a·
791 2123 914 2176 librariis.

106 2193 284 2244 enunciavit.»
326 2193 408 2243 Haud
426 2198 592 2258 cogitandum
608 2197 641 2249 do
713 2200 757 2249 38.
784 2201 908 2267 stultitia]
947 2209 1010 2268 quia
1039 2204 1200 2262 ἀδύνατον.

8 2280 9 2303 t
107 2270 206 2322 Graeco
228 2273 317 2322 modo
334 2272 391 2337 βίη
403 2267 588 2344 Ἡρακληείη.
677 2278 1018 2344 Pindar.rytn.1o‚ta:
1045 2281 1202 2352 ὁχάλκεος

137 2350 182 2399 37.
209 2352 379 2402 Lectionem
402 2351 487 2401 Codd.
517 2358 641 2405 vetustlo-
677 2354 807 2427 οὐρανὸς
819 2354 858 2411 οὔ
871 2357 936 2413 ποτ’
953 2358 1089 2428 ἀμβατὸς
1108 2361 1199 2433 αὐτῷ.

81 2485 85 2495 Ι
107 2440 160 2477 mm
189 2436 217 2481 et
245 2432 396 2481 meliorum
426 2427 516 2494 (etiam
544 2433 640 2483 Frane·
710 2436 755 2486 dt).
775 2437 917 2503 iracunda]
937 2441 1067 2493 Pindarus
1092 2456 1200 2507 quoque

12 2556 16 2575 ,
108 2514 211 2568 querani
231 2509 322 2576 Bosii)
343 2511 429 2559 ardui
447 2517 486 2559 est
503 2515 600 2563 retinui
613 2520 641 2565 et
676 2515 752 2565 Nem.
775 2517 802 2579 8,
825 2517 869 2568 80.
910 2521 965 2573 lovi
994 2523 1087 2573 tribuit
1110 2517 1200 2588 ἔγχος

108 2596 207 2649 orontes
231 2594 368 2664 κρίσεως
389 2591 576 2650 diplomaticae
598 2608 639 2646 ra·
676 2591 809 2656 ζάκοτον.
830 2622 861 2631 -
883 2611 1001 2662 ponere,
1020 2608 1049 2651 nt
1068 2614 1199 2662 saepenu-

19 2660 20 2663 ’
110 2669 183 2719 tiones
207 2678 235 2722 et
255 2674 326 2734 quia
351 2671 483 2720 Horatius
505 2684 519 2721 a
541 2672 638 2736 volgari
675 2684 747 2724 mero
769 2676 840 2737 apud
862 2676 968 2729 Livium
988 2694 1087 2742 ponere
1109 2695 1197 2730 orato.

109 2752 290 2801 amnetudrne
337 2748 467 2800 consulto
501 2755 637 2803 recessisse
676 2750 941 2807 Clr.1)ralrenb.ad
969 2759 1040 2822 Enii.
1067 2760 1127 2810 Lib.
1151 2760 1195 2810 88.

109 2828 213 2892 ridetnr3
232 2832 345 2894 alioqui
368 2842 438 2880 sane
459 2824 579 2881 usitatius
598 2845 638 2882 es·
675 2842 702 2891 a·
722 2832 784 2882 224.
804 2834 900 2899 stuttg.

30 2944 34 2955 ·
108 2913 149 2958 til:
170 2913 225 2963 «nil
242 2908 421 2963 mortalibus
438 2909 555 2958 arduom
567 2917 634 2971 ostis,

564 3089 748 3102 *-

430 3289 865 3354 Excessus-1.

554 3405 732 3466 auc.111.

115 3527 207 3591 Operae
227 3528 371 3591 pretium
394 3528 462 3570 oum
477 3519 610 3583 videatur,
629 3530 677 3587 nt,
698 3528 743 3590 qul
765 3539 827 3578 eura
846 3527 959 3578 Holman
975 3526 1193 3590 Peerlkamplana

93 3608 251 3669 moereret,
275 3615 383 3656 unum
406 3598 595 3653 subtilissimae
609 3607 666 3654 eius
685 3607 806 3677 κρίσεως
818 3611 952 3668 specimen
973 3609 1081 3669 capiat,
1101 3622 1192 3671 quam·

91 3701 125 3751 one
145 3694 292 3755 ingeniose
323 3694 363 3733 ae
403 3679 494 3740 perite
526 3681 566 3730 vel
596 3683 659 3733 huie
688 3689 796 3737 carmini
832 3690 931 3738 venees
966 3690 1081 3740 senuerit
1110 3694 1191 3752 atquo

90 3775 168 3830 aium
181 3776 271 3823 antea
291 3759 508 3816 molestissima
524 3762 682 3823 pinguedine
700 3767 881 3817 incredibilem
898 3770 924 3817 in
942 3768 1049 3818 modum
1068 3768 1190 3819 laboran-

89 3860 124 3906 tem
147 3856 176 3908 sd
203 3858 360 3903 maetam»
379 3839 531 3889 sanitatem
551 3841 705 3905 reduxerit,
733 3847 816 3915 lector
834 3847 930 3897 habeto
948 3848 998 3899 lroo
1016 3860 1140 3909 carmen,
1158 3852 1188 3898 ut

87 3931 153 4005 αὐτὸς
167 3930 262 4001 {spat
644 3960 648 3965 ¹

327 4006 390 4063 Sic
411 4010 443 4054 te
464 4003 521 4056 dira
539 4015 630 4067 potens
651 4011 728 4077 Cypri

376 4086 421 4138 Et
441 4081 533 4136 iratres
550 4086 685 4151 Helenae,
705 4093 791 4142 lnolda
809 4092 914 4153 sidera,
