2944 4808
558 396 625 445 eru.
646 395 692 443 iv.
731 395 761 443 u.
782 393 828 442 rr.
1143 382 1219 463 5211

137 573 226 616 torum
248 564 357 614 nomine
378 559 521 622 appetisti,
547 558 610 609 licet
628 569 735 619 semper
752 556 850 608 linibus
869 559 923 607 suis
943 562 970 608 et
987 559 1102 619 seneroti
1120 570 1224 609 mense·

138 651 199 695 rint.
219 642 324 694 Seriore
337 646 433 699 uetere,
453 650 514 689 eum
524 650 592 689 nors
604 639 799 700 provincierum
813 638 907 691 divisio
920 639 1114 699 institueretur,
1130 638 1225 692 lieetin

139 726 244 787 proprie
263 728 355 773 roceto
373 720 423 770 luit
438 719 533 769 Raetis
553 719 651 781 prime,
678 718 828 770 Vindelicie
845 716 939 768 lieette
957 718 1087 771 secunde:
1120 719 1181 769 irinc
1200 723 1227 770 et

139 803 293 865 irequenter
311 801 421 852 licetine
441 798 536 859 piuroii
552 811 663 850 numero
682 798 784 860 dicire,
812 799 941 859 imprimis
958 797 1029 859 epod
1042 799 1225 853 Ammlenunr.

142 908 170 920 -
190 882 265 932 illem
285 882 365 944 igitur
382 880 461 930 Drusi
474 877 630 940 Tiberiique
649 880 786 929 victorium
805 876 940 929 celebrere
959 876 992 926 el)
1004 877 1125 942 Augusto
1138 882 1225 933 iussus

139 961 266 1011 Horatius
284 960 363 1013 huius
383 960 442 1009 libri
460 970 566 1009 curmen
587 959 637 1009 hoe
656 963 827 1020 etquurtum
847 958 1001 1018 decimum,
1030 971 1118 1022 neque
1137 965 1225 1013 umen

139 1043 212 1103 prius
232 1052 312 1101 quern
325 1052 351 1088 e.
366 1053 393 1088 u.
408 1051 431 1088 c.
445 1037 508 1088 iii.
529 1042 590 1099 posi
602 1037 713 1102 Augusti
733 1038 848 1089 reditum
868 1039 1025 1099 conposuit.
1047 1038 1106 1088 lloc
1118 1043 1225 1104 proprie

139 1121 172 1173 nd
193 1120 327 1179 Drusum,
348 1115 573 1179 quemadmodum
592 1116 703 1168 eiternm
723 1117 787 1169 illud
806 1119 918 1167 menime
937 1116 970 1166 nd
990 1115 1126 1168 Tiberium
1145 1123 1226 1182 perti·

139 1208 194 1254 net.
219 1202 251 1251 ln
271 1203 394 1250 universo
413 1203 502 1250 entem
523 1196 592 1248 bellu
611 1198 722 1249 lieetico
742 1200 840 1260 primes
858 1201 946 1261 portes
958 1195 1046 1247 Druso
1065 1202 1147 1251 ceteri
1161 1202 1227 1251 scri-

140 1287 229 1345 ptores
249 1284 354 1343 praeter
371 1278 471 1328 Tiberii
496 1276 683 1336 adulatorem,
702 1277 854 1334 Velleium,
883 1275 1013 1341 trilruunt.
1050 1276 1119 1329 Vide
1146 1281 1227 1332 etiem

139 1362 255 1412 Sueten.
276 1357 370 1409 Claud.
393 1357 419 1405 1.
456 1356 532 1408 Unde
551 1354 626 1408 leciie
645 1357 819 1420 intelligitur,
840 1355 975 1416 quomodo
994 1355 1094 1407 lectum
1112 1360 1168 1418 sit,
1196 1365 1228 1409 ut

138 1439 190 1491 hoc
209 1441 324 1500 curmipe
344 1436 445 1486 Drusus
460 1437 589 1498 imprimis
608 1436 753 1488 Raetorum
775 1435 1029 1500 Vindelicorumque
1048 1439 1132 1488 victor
1150 1450 1228 1490 cune-

139 1527 223 1571 reiur.
249 1519 393 1569 Raetorum
412 1519 523 1580 inquom
543 1522 569 1567 et
588 1516 804 1574 vindelicorum
825 1517 897 1579 quod
917 1520 987 1567 enirn
1006 1515 1144 1566 Bentleius
1159 1517 1229 1571 etis-

140 1605 206 1659 met,
232 1598 347 1649 Drusum
367 1607 428 1646 cum
447 1596 591 1647 Vindelicis
610 1600 728 1655 tuntum,
748 1607 809 1645 cum
829 1596 920 1648 Deciis
932 1592 1070 1646 'liberium
1085 1607 1227 1660 pugnasse.

140 1678 168 1729 id
187 1689 249 1727 curn
267 1678 295 1727 in
313 1675 407 1727 Velleii
426 1677 513 1729 verbis
532 1684 641 1738 uterque
659 1675 752 1724 divisis
773 1675 897 1736 portibus
915 1674 1013 1725 licetur
1034 1673 1230 1742 Vindelicoeqee

140 1758 260 1823 oppressi
279 1757 435 1818 neutiquam
454 1759 532 1816 insit,
553 1760 609 1804 turn
628 1761 655 1807 et
673 1755 792 1807 eiusdem
812 1754 906 1806 Vellcii
926 1752 984 1805 loco
1003 1753 1055 1806 elio
1074 1752 1122 1820 (D,
1142 1756 1228 1824 122),

139 1838 187 1888 ubi
206 1836 342 1888 Tiberium
362 1835 553 1886 Vindeiieomm
572 1834 763 1898 Raetorumque
780 1835 908 1885 uictorem
925 1833 1051 1897 eppeiiet,
1073 1840 1100 1886 et
1116 1850 1181 1890 vero
1200 1854 1229 1893 re

139 1919 199 1980 ipse
217 1915 367 1974 relellilur;
398 1914 462 1965 durn
479 1915 578 1965 lieetos
597 1919 625 1965 et
642 1912 796 1964 Vindelicos
826 1913 937 1966 loedere
955 1915 1086 1966 entissime
1112 1918 1183 1970 inter
1200 1933 1228 1972 se

139 2001 247 2048 iunctos
265 1993 369 2053 luisse,
388 2005 476 2059 neque
496 1999 651 2055 seperatus,
671 1992 718 2043 sed
737 1996 850 2045 societos
869 1997 1078 2056 commistusque
1097 2001 1229 2050 exercitus

138 2078 267 2130 habuisse
286 2075 364 2136 plene
382 2078 503 2135 apparet.
540 2071 590 2136 (De
612 2073 662 2122 hoc
684 2076 772 2123 iernen
796 2085 848 2122 non
869 2074 933 2123 eutis
951 2078 1065 2124 constet.
1084 2073 1143 2125 Non
1158 2079 1229 2130 enlm

139 2161 230 2209 minus
248 2158 302 2208 veri
321 2153 406 2205 simile
426 2155 558 2204 restrictis
577 2164 608 2203 es
627 2157 701 2211 perte
720 2154 811 2204 saltem
824 2152 916 2207 lieetts
934 2156 991 2202 tum
1008 2153 1117 2204 demum
1137 2169 1229 2209 eorum

139 2240 246 2291 ricinos
268 2235 421 2286 Vindelicos
448 2245 496 2294 pro
515 2231 609 2283 cedern
628 2231 756 2283 libertatis
775 2244 853 2283 ceusu
872 2245 945 2282 erma
975 2234 1078 2294 cepisse
1097 2233 1230 2286 ediunctls

138 2318 190 2368 sibi
212 2316 323 2375 Raetis,
349 2314 395 2376 qui
418 2310 585 2362 conondum
605 2310 794 2372 deposuerunt.
826 2308 890 2376 On.)
927 2312 1067 2375 Eiquldl
1098 2317 1126 2363 in
1145 2318 1230 2377 prime

139 2396 323 2457 expeditione,
343 2395 386 2442 cui
405 2392 476 2441 solus
485 2390 588 2440 Drusus
608 2389 732 2451 proeluit,
752 2392 785 2445 od
797 2390 877 2451 elpes
890 2390 1071 2453 Tridentinus,
1091 2394 1119 2441 in
1132 2394 1231 2448 Recto·

139 2490 200 2527 rnrn
220 2473 332 2533 linibus,
352 2471 484 2522 Vindelici
503 2475 607 2520 tentum
624 2469 661 2519 iiii
681 2470 785 2523 obvium
804 2470 866 2522 lecti
886 2472 969 2521 sunt?
1004 2471 1081 2523 Rusti
1105 2468 1229 2543 (quorum

140 2558 168 2607 in
190 2553 291 2605 linibus
313 2565 355 2602 res
373 2549 515 2614 gerebatur
523 2545 543 2611 ε)
562 2555 766 2611 exspectarunt,
794 2544 858 2602 dum
880 2554 983 2604 reniret
1004 2551 1148 2603 Tiberius?
1176 2555 1230 2606 Sed

140 2648 172 2686 ee
191 2637 253 2697 ipse
274 2633 306 2682 de
329 2643 424 2684 ceusu,
459 2628 533 2691 quod
553 2631 618 2678 socii
644 2636 720 2680 erent
746 2644 778 2682 eo
801 2631 916 2682 inbelle
938 2632 1017 2684 liueti
1039 2638 1066 2683 et
1086 2633 1230 2699 Vindelici,

140 2718 240 2776 poetae
267 2718 323 2763 erni
346 2724 394 2773 pro
415 2714 530 2771 utroque
551 2708 650 2770 populo
678 2710 835 2760 alterutrum
860 2711 1001 2764 nominare
1024 2713 1066 2762 iiie
1084 2727 1109 2764 r.
1134 2713 1177 2762 18.
1205 2722 1232 2767 et

141 2793 195 2844 0d.
209 2792 238 2852 l,
253 2791 297 2852 ii,
312 2790 370 2841 Det
391 2789 452 2848 15.,
472 2787 517 2838 ubi
536 2789 735 2852 postgenerale
760 2784 888 2840 Vlodeiici
911 2779 1091 2844 mensurentur
1109 2792 1232 2846 Genuuni

141 2877 170 2925 et
188 2874 308 2932 Breuni,
337 2882 405 2934 quos
427 2879 489 2917 sene
509 2871 615 2929 proprie
638 2870 671 2919 ed
692 2871 791 2921 Rectus
813 2872 900 2932 potins
922 2883 1002 2932 quern
1023 2873 1057 2924 ed
1078 2873 1232 2926 Vindelicos

140 2951 299 3005 relerendos
314 2963 371 3001 esse
384 2948 554 3000 muniicstum
570 2948 600 2997 iit
612 2948 653 3000 rel
674 2962 704 2999 er
716 2949 786 2999 Plio.
800 2948 832 3010 3,
847 2949 892 2998 20.
911 2949 986 3001 Innr.
1006 2977 1036 2987 -
1060 2950 1144 3002 Addit
1155 2954 1231 3004 Fun:

139 3033 247 3083 Drusus
266 3030 380 3093 Alpibus
398 3028 529 3088 superetis
548 3038 596 3086 per
616 3040 660 3078 cus
681 3030 761 3083 etiem
783 3030 851 3078 rittn
870 3028 1009 3080 militurem
1022 3034 1137 3092 speruit,
1153 3046 1233 3094 quum

140 3117 238 3175 posteo
264 3112 379 3162 munivit
401 3109 458 3158 eius
484 3105 553 3155 lilius
573 3106 697 3157 Tiberius
723 3102 871 3166 Claudius,
893 3114 923 3157 ut
944 3101 1070 3160 discimus
1089 3122 1121 3160 ex
1142 3111 1232 3173 lupide

140 3200 254 3257 reperto
271 3203 341 3243 enno
355 3186 436 3238 1780.
456 3198 539 3249 prope
554 3185 678 3236 Feltrinm
696 3186 767 3248 opud
789 3187 887 3237 Murio.
910 3189 954 3238 Fr.
974 3188 1037 3241 Arr.
1059 3202 1085 3251 p.
1104 3188 1154 3240 77:

480 3267 526 3316 ΤΙ.
548 3263 730 3315 CLAVDIVS.
751 3266 908 3318 unisti

498 3344 648 3396 censuit.
667 3345 749 3397 Avo.
770 3346 895 3399 (illlillll

478 3424 592 3477 ilicis,
612 3425 801 3478 PONTiFllX.
821 3426 925 3479 MAXV

448 3506 533 3558 iiivs.
553 3505 771 3557 Tniitviiicii.
790 3506 954 3557 roinsri

430 3594 486 3644 nn.
505 3577 552 3644 ἦ.
580 3594 655 3645 cos.
674 3577 721 3645 N.
745 3596 820 3647 irin.
839 3595 888 3645 xr.
907 3596 938 3645 Ρ.
958 3596 980 3646 r

460 3674 607 3727 censen.
627 3674 727 3728 vinos.
749 3675 932 3726 univorsos

446 3752 650 3806 treveren.
671 3754 783 3816 oven.
809 3752 945 3805 onvsvs

416 3832 544 3883 einen.
564 3834 722 3885 sonisve.
748 3834 869 3887 enuno.
895 3834 987 3884 eins

426 3912 560 3964 rionis.
574 3914 780 3965 unnrvnvrr.
793 3913 917 3965 irruis.
931 3912 977 3962 no

442 3991 584 4046 tuusne.
604 3994 729 4056 vsqve.
749 3993 807 4043 io.
822 3992 967 4045 rnvnsn

499 4074 695 4126 oinvvrvnr.
714 4074 754 4126 nr.
773 4073 804 4122 e.
826 4071 913 4123 coci.
