2908 4796
594 365 744 418 nonnuli
768 366 911 418 erubuit

332 526 489 613 Canidia,
512 545 613 612 poree
634 528 776 594 vocibus
798 527 931 594 tandem
957 530 1065 594 saeris

333 646 506 736 citumque
524 632 620 715 'retro
642 651 740 715 solve
762 650 858 716 solve
880 650 1055 716 turbinem.

332 773 445 838 Movit
467 774 621 855 nepotem
643 770 813 854 Telephus
833 771 1005 852 Neretum,

333 895 373 959 ln
396 912 491 978 quem
512 892 678 977 superbus
700 890 871 957 ordinarat
894 895 1026 981 agmina
1121 886 1125 889 ’

333 1015 509 1100 Mysorum
531 1016 565 1079 et
588 1015 621 1077 ln
648 1032 743 1098 quem
765 1015 834 1079 tela
854 1018 955 1081 acuta
976 1020 1132 1081 torserat.
1253 1019 1292 1077 lii

331 1134 469 1202 Unxere
491 1140 615 1202 matres
636 1136 721 1201 Iliae
741 1134 909 1204 addietum
931 1136 1031 1201 ieris·
1119 1175 1121 1180 -

331 1259 480 1323 Alitibus
501 1260 603 1342 atque
624 1257 764 1323 cunibus
788 1256 984 1323 homicidam
1006 1259 1205 1342 Hectorem,

332 1381 512 1465 Postquam
533 1379 661 1445 relictis
681 1380 854 1444 moenibus
874 1398 936 1445 rex
959 1379 1105 1464 procidit

333 1506 409 1569 Heu
431 1502 621 1588 pervicacis
641 1499 685 1565 ad
706 1500 812 1582 peiles
832 1500 989 1567 Achillei.

330 1623 457 1694 Seioso
478 1625 571 1689 duris
593 1640 718 1688 exuere
740 1621 885 1706 pellibus
1253 1624 1292 1685 15

255 1768 283 1818 7.
302 1766 374 1816 uolue
398 1765 473 1814 uolve
497 1763 530 1815 do
552 1763 645 1813 murati
664 1763 733 1812 conl·
756 1761 786 1810 L.
817 1787 849 1798 —
880 1762 923 1811 11.
945 1762 1291 1816 Luaemessc.er0101ns

204 1839 351 1891 Bentleius.
372 1831 435 1900 (uon
455 1829 517 1895 bu.)

204 1955 272 2007 Aen.
286 1955 318 2015 5,
332 1953 401 2003 527:
422 1951 494 2002 coelo
511 1964 556 2000 eeu
578 1961 654 2010 ωερε
669 1949 728 2014 refi-
765 1955 903 2006 staminea
919 1952 1022 2001 rbombi
1034 1952 1143 2002 ducitur
1160 1952 1203 2002 ille
1216 1957 1289 2001 roto.

203 2051 241 2086 eo
255 2036 457 2084 Transcurrunt
470 2032 617 2101 crinemque
634 2027 727 2078 uolum-
764 2036 866 2086 Lucan.
881 2032 912 2090 il,
932 2031 1003 2081 t55:
1025 2029 1096 2091 Quor
1113 2044 1168 2080 nom
1183 2044 1291 2081 coucor-

205 2117 246 2163 tiu
266 2113 357 2163 ridere
375 2112 484 2160 ducunt.
509 2110 675 2159 Deteriorem
692 2107 729 2158 lc·
765 2116 813 2164 dia
836 2113 915 2162 mixti
935 2110 1036 2176 Ailiqot
1055 2111 1110 2160 utin
1135 2113 1190 2160 tori
1217 2111 1291 2160 blom-

204 2191 434 2256 etionem·defieo
458 2193 668 2250 interpretentur
687 2187 727 2238 vel
765 2195 865 2257 uaeque
889 2192 1013 2253 potentie
1042 2192 1157 2254 formae,
1192 2190 1292 2240 Truaec

205 2271 423 2331 ‹raffixacaelo‚u
440 2268 482 2320 vel
499 2267 669 2333 «δεδεμένα,
689 2269 728 2316 ln·
765 2278 830 2323 runt
860 2273 928 2322 torti
956 2271 1062 2333 mayieo
1091 2271 1221 2335 vertiqiue
1252 2270 1292 2334 iili

204 2353 377 2405 tentamentis
398 2351 503 2413 ligata.»
764 2352 942 2404 Thessaildes.
964 2351 1017 2402 Cir.
1037 2350 1161 2401 bleinelre
1185 2349 1289 2412 Fragm.

238 2433 265 2482 ii.
286 2432 312 2481 i.
333 2426 428 2492 sacris]
449 2428 627 2479 «carminibus
646 2428 727 2488 magi·
765 2435 839 2485 Com,
860 2434 883 2482 1,
904 2445 930 2493 p,
953 2431 1014 2481 452.
1178 2418 1181 2424 ’

204 2517 270 2564 cis.»
284 2535 317 2548 -
331 2512 469 2572 citumque
481 2514 554 2559 reiro
566 2503 646 2569 solue]
668 2507 727 2553 «ita
799 2498 908 2563 8-10.
929 2504 1024 2571 Movit]
1045 2509 1130 2559 «Eece
1149 2508 1229 2569 tibi»,
1248 2512 1288 2558 in-

203 2593 275 2645 solre
295 2591 388 2642 celeris
415 2589 531 2638 turbinis
550 2589 726 2644 rotationem,
765 2595 840 2659 quii,
870 2590 1091 2653 «indulgentiae,
1121 2601 1173 2650 qua
1194 2589 1289 2638 heroes

203 2679 233 2725 ut
251 2672 382 2721 constitit
401 2669 447 2719 fiat
470 2671 571 2729 Ρῑῐθῐί,
604 2665 727 2727 ldt0tl¹¹0
764 2678 791 2724 in
816 2674 906 2722 bostcs
924 2673 965 2720 usi
990 2677 1052 2721 sunt
1075 2671 1237 2731 veniamque
1256 2670 1289 2719 iis

204 2766 236 2802 eo
268 2751 404 2809 cruciatu,
437 2761 515 2810 tluem
545 2748 610 2796 mlbl
641 2745 728 2794 fillum
766 2758 975 2811 concesserunt,
1012 2749 1122 2799 illustria
1153 2750 1287 2812 quaedam

204 2833 278 2894 prior
297 2833 356 2881 elue
369 2831 517 2889 conversio,
537 2841 579 2877 me
595 2829 647 2875 lam
662 2824 727 2874 libe·
765 2832 912 2894 exempla.»
932 2855 962 2864 -
986 2824 1121 2891 Telephus]
1151 2828 1287 2892 Mysorum

204 2917 272 2963 rel.»
311 2909 441 2959 «Scilicet
459 2917 489 2957 ut
508 2909 632 2957 citissime
648 2907 727 2962 uilit-
764 2925 808 2963 rer
828 2911 861 2962 ab
874 2909 985 2967 Achille,
1002 2921 1082 2971 quem
1097 2909 1176 2957 armis
1193 2914 1219 2957 et
1235 2920 1288 2956 ma·

203 3000 245 3042 itis
264 2990 392 3040 th0¹¹1b¹1⁵
418 3002 466 3050 per
482 2988 542 3038 liiii
570 2991 681 3036 θῑῐῐθθῑθ
701 2988 729 3034 el
764 3006 801 3041 nu
825 2990 893 3040 lacta
919 2987 1061 3050 prohibere
1081 2992 1194 3037 conatus
1215 2992 1286 3043 erat,

203 3071 327 3123 advoluta
341 3073 488 3120 incantatos
507 3071 531 3117 ri
545 3069 645 3131 magica
664 3065 727 3128 liga·
765 3085 798 3121 ηε
817 3069 850 3119 ad
865 3069 973 3117 Troiam
990 3067 1196 3130 oppugnandam
1213 3068 1286 3117 veni·

203 3153 249 3202 bat
268 3157 294 3201 et
320 3150 471 3207 vinciebat,
500 3150 536 3197 ita
556 3146 625 3198 idem
656 3151 726 3197 retro
765 3154 821 3210 ret,
841 3148 1075 3207 volneratus,cum
1095 3146 1287 3195 consultoora-

203 3236 277 3279 actus
296 3242 344 3290 per
361 3229 420 3278 licia
440 3229 549 3278 remissa
568 3233 594 3277 et
607 3225 728 3279 revoluta
765 3228 824 3278 culo
835 3239 992 3289 responsum
1009 3225 1129 3282 tulisset,
1150 3224 1243 3276 vulnus
1255 3222 1286 3273 ab

204 3323 249 3362 eos
276 3312 300 3360 ui
333 3312 434 3371 magica
466 3307 617 3358 solvebat.»
658 3306 727 3354 Hinc
763 3306 866 3357 Achilla
894 3307 996 3355 illatum
1021 3305 1072 3355 alio
1092 3304 1286 3353 medicamento

202 3396 393 3441 retrocormcm
406 3387 625 3452 coerediritl'al.
638 3385 725 3434 Flace-
765 3389 851 3437 sanari
874 3400 926 3436 oon
947 3397 1023 3448 posse
1055 3396 1135 3447 quam
1155 3383 1286 3446 ferrugine

203 3472 239 3530 1,
261 3470 331 3520 8⁸1:
362 3469 474 3517 iamiam
501 3466 635 3516 exorabile
652 3473 726 3515 retro
764 3467 880 3528 cuspidis
906 3467 996 3516 hastae
1014 3464 1136 3515 Pellaeae
1164 3461 1285 3528 (respon-

203 3551 316 3601 Cormeu
334 3561 429 3613 cuens,
459 3560 543 3610 meque
573 3546 641 3593 enim
665 3549 727 3594 oute
765 3549 840 3599 derat
859 3546 1054 3606 eoionollo:
1075 3539 1283 3611 ὁερώσαςκαὶ

204 3631 271 3679 teum
282 3630 358 3692 nicer
371 3627 458 3676 acciit
470 3625 724 3679 umurcrrormor;
764 3622 901 3689 ῖάσεταε)
920 3625 994 3675 ilium
1011 3628 1105 3683 oravit,
1125 3630 1155 3673 nt
1171 3626 1227 3673 cius
1247 3625 1284 3671 rei

202 3717 226 3759 et
245 3713 351 3759 cunetae
369 3705 483 3769 (vinctae
500 3698 613 3765 lacobs.)
629 3704 727 3766 primis
764 3706 815 3755 sibl
834 3707 908 3766 copia
931 3704 1015 3765 fieret,
1038 3710 1064 3754 et
1082 3704 1241 3765 impetravit.
1255 3729 1282 3738 -

202 3795 277 3839 etemt
296 3786 415 3850 [oucibus
432 3785 522 3834 Orci.»
539 3784 680 3834 Donnrno.
695 3807 725 3818 -
762 3791 882 3848 nepotem
902 3780 1036 3848 Neretum]
1055 3788 1146 3847 natum
1168 3797 1198 3835 er
1217 3783 1284 3832 Tbe-

203 3864 347 3932 turbimem]
377 3864 537 3915 «rhombum
559 3869 724 3927 magicum.»
763 3867 834 3924 tide,
854 3865 932 3915 Nerei
954 3865 1018 3914 illia.

203 3948 337 3997 Tbeoerlt.
352 3946 378 4004 2,
400 3944 447 3993 30:
468 3937 537 4008 Χῶς
554 3942 654 3994 bevetb'
675 3937 725 3994 ὅδε
799 3943 920 3994 11-18.
944 3939 1056 4006 Uncere]
1077 3939 1164 4007 (lilad.
1179 3959 1208 4003 σ,
1223 3941 1282 3993 350.
1304 3955 1307 3959 ’

202 4021 320 4097 ῥόμβος
344 4018 362 4075 ὁ
384 4023 509 4088 χάλκεος
531 4020 563 4087 ἐξ
584 4019 724 4094 Ἀφροδί·
761 4024 913 4075 Patroclum
932 4030 1065 4073 mortuum
1091 4023 1142 4073 καὶ
1162 4019 1283 4087 τότεζδὴ

203 4119 268 4166 τας,
283 4098 335 4167 Ὣς
349 4101 438 4168 τῆνος
452 4102 564 4153 δινοῑτο
578 4095 725 4167 ποθ’ἁμε·
762 4101 875 4157 λοῦσάν
904 4118 935 4153 τε
971 4106 1020 4153 καὶ
1058 4096 1188 4169 ἤλειψαν
1228 4101 1284 4152 λίπ’

203 4177 456 4252 τέρῃσιδύρῃσεν.
476 4181 557 4242 Prop.
577 4180 606 4239 3,
623 4181 650 4243 6,
669 4184 723 4233 26:
752 4185 853 4251 ἐλαίῳ·
886 4183 1004 4232 Ennius:
1035 4182 1166 4244 Tarquini
1188 4194 1284 4244 eorpus
