2854 4824
613 336 761 389 nonnuli
781 330 969 387 CARMINUM

416 500 464 566 'l'e
486 516 623 578 canam,
645 496 756 585 magni
779 496 872 561 lovis
894 498 928 559 et
951 492 1085 558 deorum

415 620 572 688 Nuntium
595 634 786 703 curvaeque
809 618 905 704 lyrae
927 616 1116 702 parentem,

417 741 596 829 Callidum,
619 739 776 826 quidquid
799 738 943 825 placuit,
965 739 1081 802 iocoso

500 861 655 947 Condere
675 861 778 926 furto.

416 1003 483 1088 Te,
506 986 611 1070 boses
633 1000 708 1065 olim
730 1001 794 1065 nisi
817 997 1024 1064 reddidisses

416 1125 485 1193 Per
505 1122 616 1189 dolum
638 1124 785 1203 amotas,
807 1138 944 1204 puerum
967 1120 1085 1187 minaci
1295 1117 1333 1177 10

416 1247 512 1314 Voce
534 1241 610 1310 dum
631 1246 757 1326 terret,
781 1237 903 1306 viduus
924 1224 1084 1326 pharetra

502 1367 592 1432 Risit
614 1365 750 1449 Apollo.

282 1514 310 1565 δ.
330 1503 472 1570 Nuntium]
490 1501 656 1574 διάκτορον.
693 1502 768 1566 Virg.
807 1494 1334 1572 θεὸςδέοὶαότόςὲδωκινἜρμειας.

248 1595 318 1645 Aen.
335 1591 365 1651 lt,
386 1587 454 1638 356:
477 1588 606 1645 interpres
626 1582 725 1631 divom.
739 1601 770 1617 -
844 1581 870 1631 9.
903 1577 980 1642 otim]
1015 1579 1057 1629 Ad
1085 1592 1178 1630 omnes
1206 1580 1256 1630 has
1284 1585 1337 1631 tres

249 1667 333 1737 lyrae]
353 1681 384 1721 ex
401 1666 537 1719 testudine
554 1662 638 1713 iactae
656 1665 683 1712 et
695 1661 772 1711 chor·
808 1664 928 1713 actiones
950 1671 1037 1721 aeque
1062 1661 1178 1720 pertinet
1200 1660 1252 1709 hae
1276 1672 1338 1710 con-

250 1749 576 1808 disintenteeporeutem,
594 1744 769 1793 inventorem.
809 1744 972 1793 structione:
1022 1739 1114 1789 «Olim
1142 1737 1252 1803 (eodem
1281 1741 1337 1798 die,

250 1831 296 1882 Sic
321 1839 423 1891 posent
446 1820 772 1891 philosophieesocrates
810 1836 864 1886 quo
882 1827 959 1870 natus
976 1833 1018 1879 es,
1040 1822 1129 1869 statim
1147 1825 1211 1880 post
1225 1821 1341 1885 lyrama

250 1909 390 1967 Ciceroni,
421 1910 449 1958 et
467 1903 571 1954 Platoni
598 1903 626 1951 in
650 1901 770 1966 Sympos.
811 1909 838 1954 te
857 1903 1009 1952 iuventam:
1038 1900 1118 1948 Hom·
1133 1900 1236 1964 Hymn.
1252 1901 1339 1953 Merc.

249 1988 312 2042 177.
325 1989 359 2037 Ι).
374 1981 471 2057 πατὴρ
482 1979 538 2034 τοῦ
551 1976 659 2047 λόγου,
679 1986 773 2030 auctor
810 1983 854 2031 20.
868 1980 961 2041 ibique
974 1974 1106 2042 Frunhe),
1127 1980 1193 2029 dum
1203 1979 1304 2042 Apollo
1317 1985 1342 2031 te

249 2069 389 2121 sermonis.
424 2061 770 2122 cir.1³ausan.e,1i,t.
811 2074 925 2123 puerum
948 2061 1045 2108 minaei
1059 2073 1124 2111 voce
1145 2065 1252 2123 terret,
1273 2074 1343 2112 asse·

248 2150 377 2201 Philostr.
398 2146 496 2208 lmagg.
520 2143 547 2201 1,
569 2142 620 2190 10:
647 2139 705 2205 Τῆς
721 2137 774 2191 λύ-
810 2154 903 2195 verens
925 2145 950 2191 te
973 2151 1035 2190 ase
1053 2142 1182 2200 punitum
1206 2144 1261 2202 iri,
1292 2142 1344 2192 nisi

249 2245 304 2302 ρας
322 2224 356 2279 τὸ
378 2221 518 2287 σόφισμα
535 2217 650 2291 πρῶτος
665 2213 774 2291 Ἑρμῆς
812 2218 1095 2284 quinquagintuhores
1105 2232 1152 2280 per
1164 2221 1263 2272 dolum
1273 2234 1346 2270 umo-

248 2303 399 2374 πήξασθαι
410 2303 526 2368 λέγεται
543 2297 679 2368 κεράτοιν
691 2296 779 2370 δυοῖνι
812 2308 852 2351 tas
867 2300 1044 2359 reddidisses,
1059 2300 1188 2361 subrisit,
1211 2314 1275 2351 oum
1291 2315 1319 2352 se
1332 2312 1347 2348 a

248 2384 325 2437 κατὰ
333 2379 423 2450 ζυγοῦ
430 2379 482 2430 καλ
487 2376 601 2440 χέλυος,
612 2377 663 2426 καλ
670 2374 774 2428 δοῦναι
813 2391 839 2432 ee
852 2381 994 2441 spoliatum
1006 2379 1128 2439 pharetra
1145 2381 1297 2433 videreta»
1316 2382 1348 2431 ln

248 2479 324 2529 μετα
334 2456 525 2512 τδν“Απόλλω
535 2451 775 2518 καὶτὰςΜούσας
813 2462 917 2525 Hymno
953 2460 1063 2521 quidem
1103 2460 1257 2513 Homerico
1294 2473 1349 2511 non

247 2539 389 2606 Ἀμφίονι
401 2535 443 2602 τῷ
455 2533 578 2599 Θηβαίῳ
590 2529 695 2605 δῶρον·
812 2541 916 2591 iuratur
950 2540 1119 2600 pharetram,
1168 2543 1220 2592 sed
1258 2548 1349 2593 tamen

283 2619 311 2669 7.
331 2612 430 2677 iocoso]
445 2614 604 2662 «1001611188
615 2613 773 2671 8101181ῐᾶ10,
812 2619 907 2680 hpoiio
931 2616 1046 2683 Νόμιος
1070 2632 1095 2669 v.
1117 2619 1194 2669 514:
1235 2621 1349 2680 δείδια,

250 2703 281 2748 ut
300 2700 319 2747 ii
337 2696 404 2756 ipsi,
430 2706 499 2756 quos
520 2692 660 2753 spoliasti,
687 2690 775 2742 ridere
812 2701 915 2761 inquit,
933 2695 976 2763 μή
988 2712 1042 2761 μοι
1053 2691 1117 2761 ἅμα
1129 2698 1255 2768 κλέψῃς
1266 2698 1351 2752 κέρα.

250 2778 392 2829 debeant.»
417 2773 543 2823 Philostr.
564 2772 661 2835 image.
678 2772 708 2830 1,
729 2768 773 2818 26·
813 2795 859 2850 ριν
871 2779 920 2829 καὶ
933 2772 1073 2840 καμπύλα
1085 2772 1171 2839 τόξα.
1207 2754 1303 2831 fichol.
1318 2779 1352 2830 ad

248 2856 417 2908 deMereurii
430 2851 524 2902 iuriis:
543 2844 776 2903 οότιπουταῦτα
813 2857 889 2907 iliad.
907 2873 927 2916 ι,
947 2854 1018 2904 256:
1036 2848 1146 2925 Ἑρμῆς
1167 2851 1186 2907 ὁ
1208 2857 1284 2922 Διὸς
1301 2859 1353 2909 και

249 2936 335 3005 πενίᾳ
352 2932 428 3006 δρῶν
446 2926 464 2984 ὅ
484 2928 571 2994 θεὸς,
589 2926 649 2980 ἀλλ’
668 2923 776 2996 ὃῦφθφ
812 2936 913 2999 Μαίας
924 2936 978 3000 τῆς
986 2927 1140 2997 Ἄτλαντος
1153 2928 1230 3006 εὗρε
1246 2936 1353 3011 λύραι,

249 3013 326 3085 σόνῃ
344 3010 444 3075 διδοὺς
464 3012 516 3061 καλ
531 3010 647 3072 παίζων.
684 3007 729 3057 Sic
747 3009 775 3056 in
813 3016 863 3066 mh
888 3011 960 3076 τοὺς
978 3006 1157 3076 Ἀπόλλωνος
1182 3013 1268 3081 βόας
1292 3015 1372 3067 κλει.

249 3092 401 3144 Phoronide
414 3091 486 3152 apud
495 3090 608 3153 Etymoi.
618 3088 657 3139 Μ.
666 3100 693 3147 p.
705 3086 773 3135 339:
813 3102 886 3160 ψας,
897 3087 1005 3163 seipsis]
1017 3083 1075 3141 ὑπὸ
1086 3091 1142 3141 τοῦ
1152 3092 1233 3146 θεοῦ
1240 3092 1293 3147 διὰ
1302 3092 1356 3162 τῆς

248 3159 776 3242 ἘρμιδανδδπατὴρἘριούνιονοἰνό·
812 3174 967 3238 μαντικῆς.
1004 3164 1209 3232 ἀπειλομένου
1239 3173 1273 3226 δὲ
1301 3173 1356 3226 τοῦ

249 3246 320 3317 μασ’
333 3244 436 3312 αὐτός·
468 3245 588 3309 Πάντας
600 3241 656 3314 γὰρ
677 3242 776 3310 μόκα·
813 3247 996 3311 Ἀπόλλωνος,
1006 3241 1136 3312 ἔκλεψεν
1147 3247 1254 3303 αὐτοῦ
1260 3253 1313 3304 καὶ
1322 3249 1358 3303 τὰ

250 3345 303 3402 ρας
315 3324 404 3390 θεοὺς
420 3321 549 3391 θνητούς
561 3324 584 3375 τ’
601 3317 777 3395 ἀνθρώπους
813 3327 861 3380 ἐπὶ
874 3326 930 3378 τῶν
940 3320 1028 3389 τόμον
1042 3320 1126 3387 τόξα·
1145 3328 1316 3395 μειδιάσας
1328 3329 1359 3382 δὲ

249 3407 374 3480 Κόρδεσι
391 3401 608 3474 κλεπτοσύνῃσί
626 3399 651 3454 τ’
661 3401 776 3453 ἐκαίνυ·
813 3398 1115 3470 ὁῇιόςὲδωκιναότῷ
1126 3406 1189 3473 τὴν
1202 3409 1360 3477 μαντικὴν

250 3502 285 3538 το
303 3485 503 3549 τεχνηόσσαις.
541 3481 683 3543 Hipponax
703 3481 775 3540 apud
813 3480 941 3556 ῥάβδον,
960 3478 1012 3546 ἀφ’
1028 3473 1066 3533 οὖ
1076 3483 1129 3533 καὶ
1139 3483 1362 3561 χρυσόρραπις

252 3564 437 3614 Schneidewin
467 3562 592 3611 Eusteth.
617 3574 644 3621 p.
668 3559 714 3610 liii.
741 3559 774 3609 ad
812 3558 1215 3633 6‘Eppdgapoonyopeeihr7.
1239 3568 1359 3619 Lucian.

250 3643 433 3693 Mercurium:
464 3638 572 3712 Φαρῶν
591 3638 698 3711 ἑταῖρε.
744 3639 775 3688 ln
813 3644 893 3693 Deor.
905 3642 938 3690 li·
950 3641 977 3701 7,
989 3642 1140 3692 etmaxime
1151 3643 1292 3698 Philostr.
1306 3650 1325 3700 i.
1341 3640 1366 3698 Ι.

251 3721 333 3772 Rhesi
363 3735 389 3772 v·
415 3717 459 3769 17.
491 3724 603 3771 vocatur
635 3716 776 3783 φηλητῶν
848 3722 891 3771 11.
920 3717 1031 3784 emaus]
1069 3722 1146 3781 apud
1178 3732 1281 3786 poetas
1313 3745 1363 3793 pro

251 3794 337 3863 ἅναξ.
358 3799 535 3860 Temporibus
552 3805 642 3849 autem
660 3798 775 3850 heroicis
815 3803 953 3861 «privato,
974 3801 1097 3861 spoliato.
1107 3815 1123 3845 »
1165 3804 1248 3872 virg,
1261 3796 1361 3862 tunc,

252 3876 358 3929 iurandi
386 3891 416 3929 ac
444 3881 581 3941 peierandi
609 3880 704 3940 peritia
727 3891 775 3939 pro
813 3879 912 3932 reru:
925 3879 1363 3942 δσοατυιδαοισῑαιηῑαιΡδοιδί.

254 3959 348 4009 euiiide
363 3958 479 4012 sollertia
499 3963 526 4010 in
539 3959 663 4010 laudibus
675 3959 774 4022 ingenii
813 3954 890 4022 (Nota
917 3963 978 4008 sunt
1001 3959 1138 4010 Mercurii
1164 3968 1295 4026 epitheta
1315 3969 1365 4023 δό.

252 4037 416 4099 habebatur,
436 4046 468 4089 ut
484 4040 644 4092 Homericus
663 4038 707 4089 ilie
720 4037 776 4086 Au·
812 4037 875 4101 λιρς
893 4041 920 4088 et
938 4033 1050 4100 κλῶψ.)

252 4117 355 4183 toiycus
372 4119 423 4170 Od·
443 4134 475 4180 τ,
500 4118 571 4169 395:
602 4112 776 4190 ἀνθρώπους
848 4114 891 4164 13.
912 4116 956 4166 id.
993 4117 1083 4186 Atque
1099 4117 1180 4171 idem
1195 4126 1270 4178 deus
1289 4135 1367 4183 tutor

251 4195 394 4251 ἐκέκαστο
405 4195 594 4269 Κλεπτοσύνῃ
606 4192 634 4248 δ’
642 4189 721 4268 όρκιρ
734 4203 773 4247 τε·
813 4199 854 4247 est
866 4196 1004 4246 hominum
1017 4199 1218 4265 innoxiorum,
1240 4215 1274 4258 ut
1290 4209 1367 4262 Pria·
