2950 4810
226 353 307 427 362
591 357 737 407 monnau
763 357 947 409 oraminum

394 520 434 582 ln
456 519 577 603 ninius3
599 515 684 583 idem
708 516 809 582 oilere
832 518 924 583 vires

437 636 543 706 Omne
565 639 663 703 nefas
685 640 793 704 animo
816 648 998 702 moventes!

351 799 463 865 restis
485 818 627 864 mearum
651 799 858 863 centimanus
880 795 976 884 Gyas

352 916 618 1001 Sententiarum,
641 925 742 985 notus
763 922 797 984 et
820 920 973 1005 integrae

395 1042 559 1109 'l’entator
582 1038 687 1113 0rion
710 1042 856 1127 Dianae,
895 1120 900 1131 x

436 1165 598 1253 Virginea
620 1163 763 1228 domitus
784 1164 920 1251 sagitta.

276 1391 320 1441 66.
342 1388 413 1452 (ipae
433 1389 475 1437 L.:
495 1388 571 1452 piper
584 1385 725 1445 nnsucct,
746 1385 828 1451 lippet
847 1398 906 1436 eum
926 1387 1046 1438 Bentlelo
1064 1386 1122 1436 FM.
1139 1412 1166 1420 -
1182 1388 1225 1436 70.
1246 1386 1307 1438 Sen-

225 1465 369 1512 tentiarum
386 1464 473 1515 notor,
494 1465 518 1507 et
536 1457 600 1507 LCt.

225 1677 364 1743 πολλάκις
385 1679 474 1730 τίκτει
485 1673 612 1742 βλάβην.
628 1702 659 1712 -
679 1676 747 1725 mole
784 1678 912 1736 metavit,
935 1681 995 1736 post
1017 1676 1212 1738 degresslonem
1236 1678 1306 1729 illam

225 1760 283 1809 ruit
293 1756 355 1821 aua]
376 1758 505 1818 «Propter
517 1756 544 1806 ld
561 1756 658 1818 ipsum,
673 1756 745 1818 quod
784 1758 810 1806 in
837 1755 967 1817 Apollinis
1001 1755 1107 1805 laudem
1132 1768 1163 1804 ao
1189 1757 1307 1821 γνώμας
1337 1747 1345 1758 ”

225 1840 302 1888 nimis
321 1849 415 1900 magna
441 1848 471 1887 aa
493 1836 607 1888 violenta
629 1836 744 1895 laeinora
783 1839 937 1896 sequentes,
960 1841 991 1883 ut
1010 1833 1079 1885 illico
1101 1835 1306 1897 intelligeremus

224 1923 327 1978 patrare
351 1920 411 1979 quis
431 1922 556 1975 tonatur,
577 1922 661 1967 seruet
687 1918 745 1977 ipse
785 1915 863 1966 verba
881 1929 905 1966 v.
923 1913 967 1963 73.
989 1914 1231 1964 iniectamonrtrte
1246 1915 1307 1964 Ter-

223 1998 339 2058 perdit.»
785 2008 819 2044 ra
841 2000 914 2054 eet.;
935 1996 1052 2056 deniquo
1077 1995 1308 2045 numantiorum

258 2076 302 2126 67.
333 2077 411 2126 odere
434 2071 527 2137 viret}
567 2075 660 2136 Eurlp.
684 2074 744 2125 ilel-
784 2073 1307 2136 161166666666666666616161661·

224 2155 293 2205 903:
318 2161 402 2220 μισεῖ
413 2148 585 2226 γάρὸῢεὸς
597 2152 650 2219 τὴν
665 2154 745 2221 βίαν.
785 2159 865 2204 tatem
886 2160 968 2216 atque
990 2155 1154 2216 gravitatem.
1182 2178 1212 2187 -
1231 2152 1306 2212 Gete-

225 2236 277 2286 Ter
290 2235 411 2286 consulto
425 2238 588 2296 repetiturv.
602 2235 658 2292 oit3
674 2233 745 2296 quod
785 2248 842 2284 rum
861 2236 887 2283 in
899 2233 1021 2283 omnibus
1034 2233 1221 2283 huiuscemodi
1240 2226 1307 2282 6166-

224 2320 326 2365 tantum
344 2315 429 2374 abest,
448 2320 477 2363 ut
496 2316 591 2364 merito
604 2313 747 2374 reprelien·
784 2311 905 2378 τήσεσιν
924 2323 1014 2362 earum
1038 2314 1188 2383 inventores
1213 2323 1306 2371 parum

224 2407 282 2444 sum
299 2397 334 2445 sit
352 2395 387 2447 »ab
410 2395 519 2444 Editora
540 2393 687 2451 Leidensi,
718 2398 747 2442 ut
785 2395 943 2456 cogitarunt,
967 2394 1025 2455 quis
1045 2393 1087 2441 oui
1101 2391 1171 2441 hono
1192 2390 1305 2445 1616616-

224 2478 323 2536 optlme
340 2474 502 2535 respondeat
521 2477 615 2534 poetae
635 2472 746 2522 consilio
784 2484 829 2522 tos
856 2474 920 2533 ipsis
951 2476 1088 2532 suspectos
1118 2470 1252 2525 inculeare
1281 2478 1307 2522 et

223 2569 239 2605 a
256 2554 381 2605 violentia
400 2566 431 2603 66
448 2552 572 2614 superbia
585 2566 632 2602 nos
651 2552 746 2603 delior-
783 2551 896 2603 voluerlt
915 2557 941 2602 et
953 2553 1082 2613 potuerit.
1101 2551 1169 2602 Nam
1186 2561 1255 2613 quae
1272 2550 1305 2600 de

223 2634 307 2683 16661.
784 2632 829 2681 1611
851 2633 1024 2692 perrersitate
1043 2631 1094 2680 sibl
1110 2630 1236 2680 confinxit
1248 2629 1304 2678 ΗΡ.

257 2710 302 2761 69.
323 2707 406 2773 Gpoa]
432 2711 499 2762 Vide
520 2711 571 2760 od.
596 2710 744 2771 6,17,11.
784 2712 855 2761 omni
875 2708 1059 2770 probabilitate
1074 2710 1164 2759 eritiea
1178 2708 1306 2759 destituta

257 2792 302 2842 70.
316 2790 361 2840 71.
375 2786 576 2852 sententiarum]
594 2794 745 2842 «veraclum
784 2799 855 2840 suut.
876 2816 906 2825 -
926 2787 1021 2852 notus]
1045 2790 1128 2839 Orion
1149 2795 1258 2851 propter
1279 2789 1306 2838 id

224 2873 417 2922 monitorum.»
454 2871 555 2921 Locum
577 2871 652 2921 liuno
669 2872 746 2923 affert
784 2872 872 2930 ipsum
889 2873 1001 2925 maxime
1016 2875 1114 2931 notus,
1137 2862 1209 2932 quod
1227 2882 1307 2920 ausus

224 2950 374 3000 Priscianus
392 2963 451 3013 pag.
462 2949 523 3000 718.
540 2949 651 3000 Puteoli·
672 2950 747 3000 11611-
784 2956 823 3002 est
841 2956 944 3003 tentare
963 2950 1076 3001 Dianam
1099 2951 1251 3013 inteprom,
1273 2947 1306 2999 ab

224 3043 337 3081 mannus
350 3030 462 3094 Myttiol.
483 3030 510 3078 2.
534 3028 744 3092 6663666166
783 3042 869 3091 eaque
894 3031 996 3080 etelsus
1019 3031 1106 3089 estin
1131 3027 1306 3079 1666166616

224 3116 334 3173 propter
347 3113 500 3171 repetitum,
521 3115 552 3158 ut
565 3110 627 3168 volt,
647 3123 678 3161 ex
691 3109 742 3159 oo.
783 3108 919 3177 vel-Chio.
945 3108 1090 3160 (1166161.
1109 3109 1171 3159 tau.
1199 3108 1307 3169 Eupho-

222 3191 255 3249 2,
277 3190 326 3251 17,
347 3190 390 3240 tt.
412 3188 548 3253 entitatos:
571 3190 743 3243 centimanus,
782 3178 940 3239 rlon'Mein.
962 3201 1021 3251 pag.
1042 3188 1102 3238 161.
1147 3188 1194 3237 1161
1216 3192 1306 3238 autem

222 3276 280 3322 uim
299 3275 408 3331 propter
427 3271 589 3319 mentionem
601 3265 675 3331 Gpoe
685 3274 744 3330 post
783 3267 865 3317 Orion
879 3268 1000 3328 Horatio,
1021 3274 1051 3317 ut
1068 3269 1126 3319 aliis
1139 3267 1211 3328 apud
1226 3267 1306 3328 apol-

221 3349 364 3413 Gigantum
377 3360 493 3411 pugnarn
506 3360 596 3398 rursus
608 3349 742 3405 inlectam,
783 3347 916 3406 lod.1‚t‚
934 3345 960 3394 3.
975 3343 1112 3412 γηγενής,
1134 3360 1195 3397 euin
1207 3346 1306 3397 Phere-

223 3436 278 3481 turn
296 3433 405 3491 propter
423 3440 448 3477 r.
471 3427 680 3485 sententiarum,
704 3430 745 3476 ni·
782 3426 859 3489 eydes
890 3439 951 3477 euin
975 3426 1094 3486 Neptuni
1124 3431 1150 3476 et
1175 3425 1305 3489 Euryalee

220 3511 283 3570 niis,
306 3510 403 3566 nteit,
425 3506 575 3567 pedestrem
597 3508 743 3557 orationem
781 3505 867 3556 lilium
880 3505 997 3556 lecisset.
1014 3531 1044 3541 -
1067 3502 1201 3568 inteproe]
1217 3507 1306 3557 tintu-

222 3589 354 3648 redolens,
369 3593 451 3638 totam
470 3587 604 3647 stropham
621 3599 668 3647 pro
681 3587 743 3637 sub·
782 3591 838 3637 ctae
850 3588 985 3649 virginis.»
1007 3585 1111 3637 Nullam
1123 3585 1183 3645 1166,
1198 3589 1227 3634 ut
1240 3597 1306 3635 non-

222 3670 311 3719 6111616
339 3669 440 3720 habuit.
477 3668 631 3718 Buttmanui
655 3673 743 3718 autern
782 3672 945 3719 memoratus
962 3664 1303 3724 esthabetollenslonam.

220 3750 374 3811 opinionem
394 3761 454 3799 euin
486 3748 543 3798 aliis
570 3752 678 3797 secutus
705 3754 744 3798 est
781 3748 847 3797 Nam
879 3749 900 3795 si
928 3746 1072 3797 Terentius
1102 3745 1191 3794 dicere
1218 3745 1305 3803 potuit

222 3830 301 3879 etiam
315 3827 431 3877 Liihker.
460 3827 559 3890 Verum
579 3827 743 3877 centimanus
782 3827 886 3885 11661,
900 3826 989 3885 zio:
1009 3824 1304 3888 Narratpaaototrpo

221 3912 381 3971 perpetuum
405 3912 431 3956 et
452 3909 620 3967 aptissimum
643 3906 743 3957 utrobi·
781 3906 814 3956 ab
842 3919 869 3953 ee
895 3906 1001 3970 intepro
1038 3906 1120 3955 etiam
1150 3909 1207 3953 tum
1235 3905 1303 3955 siet:

222 3998 274 4047 oue
296 3991 336 4036 est
356 3984 426 4049 Gyae
448 3983 601 4046 entitatem,
620 3990 649 4035 ut
668 3986 743 4033 dirue
782 3985 874 4047 quidni
894 3985 1020 4037 Horatius
1033 3983 1152 4035 absolute
1171 3985 1305 4046 inteprom

223 4063 742 4135 666661Η6661661;6666616661-
782 4076 829 4125 pro
860 4064 984 4117 inviolata
1017 4064 1151 4127 appellare
1186 4064 1305 4125 potuerit

221 4149 329 4207 nantum
353 4145 441 4194 dedita
466 4156 546 4204 opera
572 4144 659 4195 denuo
688 4156 743 4201 rne-
780 4143 911 4193 Ilionam?
936 4169 966 4181 -
994 4139 1139 4203 romain]
1162 4155 1231 4195 nove
1252 4142 1304 4193 tor·
