2854 4824
217 298 252 346 Vl
653 293 864 346 Paturarlo.
897 291 901 295 ’

280 442 325 507 11.
349 438 479 507 ,Codex
503 441 686 505 Bernensis
719 441 756 505 N.
787 438 851 506 21.
882 443 953 507 Fol.
976 437 1053 507 See.
1076 441 1119 507 X.
1143 442 1305 527 pulcher-

218 556 298 618 rime
328 557 362 617 et
389 553 639 617 accuratissime
668 555 831 637 scriptus,
864 555 971 617 omnia
995 553 1125 616 Horatii
1152 557 1306 636 poe'mata

218 667 378 731 continet.
405 656 483 745 (b.)
509 663 602 730 «1110
617 663 859 749 oorzctpttclter
876 660 1026 729 coaeum
1072 665 1110 728 F.
1129 664 1172 728 A.
1191 666 1306 729 Wonr

219 775 345 840 Horaz
367 781 459 841 erote
483 774 616 842 Saitae.
660 775 792 840 Berlin.
817 773 933 839 11113.
956 796 989 858 p.
1014 773 1075 840 15.

231 885 233 891 ’
282 888 347 952 111.
383 885 500 953 Codex
529 884 766 976 sangallensis
795 886 992 969 oppidanus.
1029 886 1069 951 N.
1095 885 1133 950 P.
1165 883 1225 950 10.
1255 883 1306 951 40.
1397 906 1398 909 ’

220 995 298 1064 Sec.
314 998 359 1064 X.
374 1000 569 1064 nitidissime
584 1001 731 1083 scriptus
750 1002 783 1062 et
805 999 989 1082 perbonus,
1013 1000 1091 1063 item
1106 1000 1214 1062 omnia
1230 998 1306 1061 Ho-

220 1112 296 1175 ratii
327 1115 479 1193 poemata
512 1111 663 1176 continet
693 1112 836 1190 excepto
865 1109 1018 1174 Carmine
1046 1127 1114 1175 sec.
1142 1112 1176 1173 01
1199 1107 1306 1191 Hpod.

222 1216 283 1287 17.
306 1213 413 1302 (S.)
1357 1270 1359 1273 -

266 1330 342 1398 ¹IV.
386 1334 503 1399 Codex
541 1333 734 1399 'l’uricensis
770 1331 947 1400 Carolinus
983 1333 1024 1398 Ν.
1057 1332 1093 1397 C.
1132 1330 1221 1396 154.
1254 1327 1306 1393 40.

220 1440 299 1510 Sec.
317 1442 363 1508 X.
385 1444 489 1509 nitide
510 1448 670 1529 scriptus.
703 1434 862 1511 Continet
880 1442 979 1526 Odas,
1001 1443 1146 1528 Epodon
1172 1443 1307 1524 librum,

222 1555 339 1620 Artem
363 1559 538 1640 poetieam.
583 1554 678 1637 Quae
701 1556 842 1638 desunt,
874 1554 1050 1622 suis'locis
1073 1557 1198 1619 notavi.
1221 1545 1307 1634 (010).

285 1667 324 1731 V.
347 1665 463 1732 Codex
493 1667 676 1732 Bernensis
699 1668 739 1733 N.
763 1665 852 1733 542.
878 1665 927 1732 40.
955 1665 1032 1733 Soc.
1055 1666 1119 1745 Χ..
1142 1671 1178 1730 01
1200 1668 1308 1731 visum

222 1782 273 1843 est
304 1782 338 1842 et
370 1774 515 1842 Sinnero
545 1779 650 1844 Catal.
679 1779 783 1845 Codd.
813 1780 915 1844 Bern.
945 1779 1020 1844 Vol.
1048 1780 1075 1843 1.
1109 1798 1140 1863 p.
1162 1774 1252 1842 478.
1273 1781 1308 1841 et

222 1889 404 1954 Hauthalio
416 1886 456 1964 *1.
512 1891 670 1956 Continet
704 1893 812 1956 omnia
852 1892 984 1955 Horatii
1015 1893 1188 1974 poemata3
1223 1906 1308 1973 quae

223 2003 338 2069 excisa
360 2007 455 2088 sunt,
477 2005 604 2068 notavi.
628 1993 703 2084 (c.)

285 2114 360 2178 Hoc
381 2117 491 2178 autem
515 2114 631 2180 ordine
653 2118 689 2179 in
708 2116 786 2181 Var.
809 2117 917 2183 Lectt.
938 2136 1070 2200 semper
1088 2122 1225 2182 servato
1246 2135 1307 2200 pro

223 2226 383 2309 cuiusque
406 2226 557 2291 bonitate
581 2228 724 2311 quinque
747 2227 809 2292 lros
831 2230 966 2294 codices
987 2231 1162 2294 collocavi.
1327 2213 1331 2219 ’

286 2333 413 2416 Quodsi
428 2335 480 2401 his
493 2339 611 2401 aliisve
624 2340 880 2403 auctoritatibus
899 2339 1006 2402 fretus
1019 2340 1062 2402 ab
1079 2339 1202 2420 optima
1220 2337 1309 2401 Mei-

223 2446 333 2513 neckii
344 2450 576 2535 recognitione
589 2448 739 2525 discessi,
750 2447 848 2511 huius
858 2449 958 2512 lectio
970 2450 1020 2512 sic
1031 2450 1166 2535 signata
1177 2452 1244 2512 est:
1257 2449 1308 2514 M.

286 2558 441 2623 Meorum
463 2561 572 2622 autem
595 2557 752 2623 Codicum
775 2558 932 2621 varietati
955 2559 1106 2624 subiecta
1128 2563 1181 2623 est
1205 2561 1309 2643 primo

223 2672 358 2756 integra
383 2671 533 2733 varietas
560 2668 709 2734 Lambini
737 2660 829 2751 (11],
859 2665 993 2753 Cruquii
1022 2661 1113 2756 (C),
1141 2670 1309 2736 'l’orrentii

223 2773 319 2867 (t),
340 2780 500 2862 Bentleii,
528 2780 618 2844 Fene
648 2771 814 2862 (11).οο
847 2780 910 2843 tine
941 2785 1119 2869 excerpta,
1153 2791 1189 2846 ut
1217 2783 1310 2848 100111

226 2911 329 2976 opera
367 2892 475 2956 lector
509 2892 706 2975 perspiciat,
745 2891 863 2974 partim
904 2875 1064 2976 quaenam
1105 2895 1309 2977 potissimum

225 3005 405 3086 lectiones,
434 3020 506 3066 cum
530 3001 651 3067 abhinc
674 3004 781 3066 tribus
809 3005 932 3068 seculis
960 3007 992 3066 in
1016 3005 1148 3069 Horatii
1172 3005 1312 3093 Hologis

224 3116 329 3180 veluti
359 3113 547 3178 dominatae
578 3115 710 3205 essent,
744 3114 818 3179 aliis
841 3110 928 3180 nunc
951 3117 1132 3202 cesserint,
1171 3118 1312 3200 partim,

229 3245 324 3311 quam
358 3243 461 3308 saepe
477 3225 589 3306 ⁸etiam
617 3225 685 3289 1100
715 3224 922 3290 deserendus
955 3227 1065 3291 fuerit.
1114 3229 1177 3292 His
1199 3233 1312 3294 autem

226 3339 384 3402 immiscui
418 3338 451 3400 et
481 3330 617 3399 aliorum
641 3339 777 3419 praeter
799 3354 889 3401 meos
911 3333 1067 3403 Codicum
1092 3341 1254 3404 lectiones
1276 3346 1312 3404 et

227 3445 423 3513 Criticorum
456 3450 685 3529 coniecturas,
722 3451 884 3531 quotquot
915 3466 957 3512 ex
986 3468 1059 3514 meo
1087 3454 1180 3516 certe
1209 3469 1313 3515 sensu

227 3564 449 3645 mererentur,
480 3563 516 3623 ut
538 3561 594 3624 vel
616 3561 648 3622 in
672 3557 797 3624 scholis
818 3558 1079 3625 diiudicarentur
1100 3564 1155 3625 vel
1180 3562 1313 3625 omnino

97 3751 102 3758 Ι
228 3675 368 3756 propter
386 3672 647 3755 qualemcunque
663 3688 796 3735 causam
812 3672 854 3734 ab
868 3671 1036 3736 oblivione
1050 3672 1313 3738 vindicarentur.

132 3801 137 3810 ·
229 3780 432 3867 Quamquam
456 3783 637 3866 permultas
659 3783 812 3847 consulto
836 3786 1058 3866 praetermisi,
1082 3786 1202 3868 quippo
1226 3802 1314 3868 quae

228 3938 428 3945 ’.μ-...α-
434 3939 444 3944 -
450 3939 485 3944 ..ν
497 3940 523 3944 ...-
534 3940 545 3944 a,

299 4027 319 4093 ¹)
338 4031 391 4091 Qut
410 4033 437 4080 in
457 4030 579 4083 Seebode
597 4032 692 4083 Arellio
711 4032 788 4083 1829.
811 4047 835 4094 p.
856 4032 918 4083 231.
940 4032 1024 4083 Codd.
1045 4034 1088 4082 at.
1110 4033 1216 4083 01512.
1237 4046 1314 4084 0000-

229 4105 284 4150 rato
304 4100 452 4162 descripsit.
