2908 4796
229 345 312 417 apa
622 349 770 401 uoanru
789 349 933 405 aeouon

359 494 505 591 senam,
526 509 615 594 quod
639 528 753 577 omnes
775 508 928 594 rideant,
949 507 1137 577 adulterum

401 631 542 694 latrent
564 626 764 697 Suburanae
785 648 889 697 cenea

356 749 472 815 Nardo
496 756 708 834 perunctum,
732 752 829 835 quale
853 771 919 817 riou
943 752 1130 837 perfectius

397 871 499 936 Meae
521 873 706 939 laborarint
727 891 854 939 manua.
877 901 916 915 -
1033 949 1036 954 ι
1281 871 1324 932 60

358 990 447 1074 Quiri
468 985 618 1059 accidit?
641 990 708 1058 Gur
729 992 802 1059 dira
826 995 990 1061 barbarae
1010 994 1119 1061 ninus

401 1113 539 1178 Venena
561 1112 707 1179 Medeae
728 1105 870 1184 valent?

358 1231 487 1315 Quibus
506 1236 685 1317 superbam
707 1233 796 1320 fugit
817 1235 889 1299 ulta
911 1235 1079 1319 pellicem,

284 1390 329 1441 cti.
348 1386 413 1452 non]
434 1403 480 1439 nec
498 1390 528 1438 L.
560 1414 592 1424 -
629 1389 674 1438 bb.
693 1389 848 1439 laborarint
866 1389 937 1452 bSc,
969 1390 1057 1442 Benti.
1082 1396 1109 1443 et
1132 1391 1182 1441 R:
1211 1392 1320 1442 labora·

227 1467 293 1511 runt
311 1459 428 1510 BLtltM.
449 1483 476 1493 -
498 1458 541 1509 63.
564 1460 679 1520 superba
698 1459 744 1508 Bc.
765 1458 829 1521 (uon
849 1458 909 1525 bs.)

229 1619 263 1663 ιιι
290 1604 451 1656 aieroces.»
489 1602 542 1664 Qui
570 1610 659 1653 umen
687 1603 754 1653 banc
793 1606 864 1656 mine
883 1605 1000 1656 reddidit
1012 1607 1062 1657 aba
1080 1603 1319 1668 quaedam'aoien·

232 1686 372 1736 tectionem
393 1681 526 1742 praefert,
558 1686 652 1745 utique
673 1684 754 1743 expli·
794 1688 844 1735 tior
856 1698 898 1737 me
917 1687 1046 1737 venefica.
1066 1686 1184 1737 Festinat
1198 1686 1232 1736 ad
1246 1699 1319 1737 amo·

233 1775 293 1813 care
313 1762 422 1812 debebit
443 1764 530 1822 priore
552 1763 650 1821 modo,
676 1767 707 1809 ut
726 1774 754 1811 re
793 1776 845 1813 res.
876 1763 929 1813 Seri
950 1764 983 1814 ad
1008 1778 1050 1815 me
1072 1778 1204 1826 recurres,
1227 1766 1316 1823 Varet

231 1854 293 1894 vera
312 1840 374 1891 iecit
393 1840 483 1902 Regei.
514 1839 565 1888 Ori.
588 1841 614 1898 2,
635 1839 679 1898 13,
698 1841 753 1889 to:
793 1844 911 1893 insolitas
925 1857 1014 1906 neque
1029 1845 1172 1896 vincendas
1193 1848 1317 1905 potiones

231 1921 338 1970 timidos
354 1919 457 1984 lyncas.
482 1942 512 1953 -
532 1916 605 1981 dum]
626 1933 639 1963 a
650 1933 697 1981 per
716 1926 755 1968 to·
794 1922 903 1983 parabo,
924 1923 1022 1984 quibus
1035 1930 1107 1973 totus
1122 1937 1212 1975 amore
1225 1926 1318 1973 iucen-

233 2005 284 2050 tam
298 2002 377 2062 igitur
391 2004 525 2048 noctem.»
546 1997 687 2049 Efficacior
704 2000 755 2049 boc
794 2006 863 2054 deris
883 2011 1027 2064 menteque
1044 2003 1224 2054 aiteoaoere.»
1255 1999 1318 2066 (lia-

232 2079 425 2140 rideturquam
445 2092 513 2133 eum,
534 2079 606 2140 quod
621 2092 755 2141 senepet-
793 2082 854 2144 getii
870 2064 1117 2142 interpretationem
1140 2082 1200 2132 vide
1219 2085 1247 2132 in
1267 2082 1318 2133 iix·

232 2158 314 2208 bonas
333 2157 413 2208 babet
439 2160 610 2209 auctoritates
629 2166 656 2209 et
681 2171 756 2219 prae·
793 2173 873 2210 cursu
892 2155 924 2220 1.)
946 2185 976 2193 -
1004 2157 1268 2222 Senem-narrent]
1288 2166 1318 2210 ut

232 2237 316 2290 iertur
335 2249 349 2286 a
368 2236 549 2299 Bernhardyo.
794 2241 863 2302 Epp.
879 2239 906 2298 1,
918 2240 945 2298 2,
959 2239 1011 2289 66:
1031 2243 1167 2288 venaticus
1178 2264 1188 2273 ·
1201 2266 1212 2275 ·
1224 2240 1318 2304 peilam

266 2318 310 2367 57.
331 2316 375 2366 58.
397 2315 479 2364 Totus
494 2315 567 2364 iocus
583 2328 642 2366 curn
659 2316 754 2366 Botbio
793 2318 1056 2367 intrauit-catulus.
1088 2317 1176 2368 Piaut.
1201 2320 1315 2370 Poenui.

231 2399 269 2447 sic
288 2396 477 2456 explicandus:
500 2395 657 2454 «Principio
676 2408 752 2447 rene·
792 2399 824 2456 5,
838 2398 871 2457 lt,
886 2397 938 2447 tii:
958 2398 1049 2447 Etiam
1067 2411 1108 2447 rna
1125 2412 1199 2447 meae
1212 2400 1316 2449 latrant

230 2477 280 2526 tica
299 2481 390 2535 optat,
420 2478 450 2522 ut
475 2486 566 2524 senem
588 2480 667 2524 noctu
695 2487 755 2535 pro·
792 2491 878 2526 eones,
900 2502 930 2512 -
955 2473 1123 2538 Suburanae]
1152 2477 1259 2528 Subura
1281 2480 1313 2529 ri·

231 2562 367 2616 parantem
389 2552 421 2600 ad
443 2555 553 2602 amicam
571 2552 686 2615 aliquam
706 2552 754 2601 Su·
793 2560 838 2595 cus
855 2545 928 2596 urbis
950 2546 1064 2606 Romae,
1089 2546 1135 2597 ubi
1156 2547 1316 2597 babitabant

232 2632 360 2682 buranam
377 2631 499 2681 aliatrent
511 2630 754 2693 absterreantquea
793 2626 948 2689 prostibula.
967 2625 1041 2679 Pers.
1057 2625 1112 2674 Sat.
1130 2626 1161 2685 5,
1179 2626 1223 2676 32.
1245 2629 1315 2679 Mar-

230 2708 330 2760 ioribus
350 2721 429 2758 canes
449 2712 507 2759 eius
526 2713 589 2768 vici,
611 2724 663 2772 quo
684 2709 753 2759 iacto
792 2707 846 2755 titi.
872 2706 906 2765 6,
927 2706 978 2755 66:
1011 2705 1110 2755 Famae
1131 2711 1315 2757 oonnimium

230 2789 264 2839 ari
277 2801 305 2838 se
321 2790 404 2847 ipsam
423 2789 570 2838 rediturum
593 2801 653 2837 eum
665 2793 754 2850 sperat
792 2785 876 2834 bonae
900 2786 1033 2846 pueliam,
1067 2785 1162 2846 Quales
1180 2789 1209 2834 irs
1227 2788 1314 2836 media

232 2867 360 2928 cupidine
392 2866 543 2928 abreptum.
584 2867 637 2918 Sed
666 2873 754 2920 tacent
791 2864 1313 2928 sedentSuburocet.-Veramscriptu·

232 2958 320 2997 canes.
357 2944 629 2997 ibinalarabi:
660 2947 752 3009 «Quid
791 2958 846 2994 ram
866 2944 971 2992 Subura
998 2942 1128 3005 praebent
1157 2944 1312 3006 iuscriptt.;

229 3026 348 3076 accidit?
389 3038 436 3075 cur
462 3038 517 3076 non
544 3031 616 3077 venit
647 3027 751 3083 Varus;
791 3025 865 3086 volgo
883 3022 1021 3079 Subnrro,
1050 3029 1080 3071 ut
1100 3037 1205 3074 revera
1228 3032 1268 3073 est
1286 3026 1313 3073 iu

231 3105 366 3168 quomodo
386 3107 438 3154 mei
457 3119 511 3156 uon
534 3109 663 3167 meminit,
683 3120 752 3169 quae
791 3102 862 3153 Sexti
883 3102 943 3150 Rufi
967 3102 1100 3164 Descript.
1123 3102 1194 3152 urbis
1212 3103 1313 3155 Itomae

228 3185 315 3234 cubrie
335 3188 393 3233 eius
419 3198 451 3234 eo
476 3185 671 3235 medicamento
698 3199 751 3235 ma·
790 3181 862 3242 apud
883 3182 983 3231 Canina
1007 3180 1091 3230 Roma
1113 3184 1206 3230 antico
1223 3195 1249 3243 p.
1268 3181 1311 3231 34.

228 3265 285 3326 gico
308 3264 450 3322 unrerim,
481 3264 552 3324 quod
583 3267 750 3314 meretricum
790 3263 854 3310 Erat
866 3267 954 3311 autem
973 3264 1023 3310 sita
1041 3264 1067 3310 iu
1080 3261 1154 3310 Urbis
1174 3266 1313 3325 regionum

228 3345 367 3398 omniurn,
390 3340 525 3405 quotquot
543 3350 621 3402 sunt,
641 3343 752 3394 oblivio·
788 3342 882 3392 tertiae
903 3347 931 3393 et
947 3346 1056 3404 quartae
1079 3342 1208 3391 confinio.
1241 3342 1312 3392 ibid.

228 3433 290 3472 uem
314 3420 440 3472 inducere
467 3422 619 3473 videretur?
648 3421 751 3471 Dormit
789 3433 815 3481 p.
829 3420 874 3469 77.

211 3501 335 3559 tamen,
360 3513 413 3549 non
434 3505 533 3562 surgit,
553 3514 641 3563 nequo
663 3501 750 3552 Subu·
823 3499 866 3548 59.
880 3499 923 3548 60.
938 3498 1030 3547 Nonio
1039 3490 1324 3565 perunnrsrmiutsta·'

228 3592 283 3629 ram
306 3592 355 3629 uec
383 3594 426 3630 me
457 3584 555 3640 petit.»
589 3581 663 3631 Haec
686 3580 765 3630 dum·
788 3581 843 3629 iiuo
858 3580 973 3628 comicus
987 3592 1066 3629 senex
1080 3582 1108 3628 in
1120 3577 1208 3628 Plauti
1221 3579 1310 3628 Casio.

227 3657 301 3716 dicit,
323 3661 471 3721 propinqua
492 3659 580 3721 aliqua
602 3660 698 3720 domo,
720 3666 750 3711 ut
787 3660 821 3718 2,
838 3658 865 3715 3,
887 3657 922 3705 9:
943 3666 1164 3718 postquomomo
1188 3655 1313 3706 Casinam

226 3738 360 3787 coniicera
377 3739 447 3797 iicet,
465 3745 605 3790 exeuntem
619 3742 750 3801 conspicit
786 3736 872 3801 mapis
888 3738 967 3785 initio
988 3737 1127 3784 munditiis
1145 3737 1312 3788 Munditiom

225 3828 316 3866 senem
346 3822 374 3866 et
391 3819 424 3867 ad
449 3825 535 3868 scorta
561 3833 588 3869 se
609 3820 749 3872 coniereu-
787 3817 910 3871 antideo:
931 3815 1088 3878 Mpropotus
1108 3817 1312 3865 omnersoliiei·

226 3899 278 3944 tem
290 3906 355 3944 cane
367 3896 478 3965 latrante
492 3897 574 3947 nuiio.
596 3897 675 3959 Quod
689 3914 747 3949 sen·
786 3901 832 3955 to;
858 3896 1007 3957 ubicunque
1019 3899 1182 3957 unquentum
1196 3903 1233 3944 ert
1247 3895 1312 3957 tepi-

225 3975 293 4022 tiens
307 3974 435 4024 exclamat
453 3990 477 4026 v.
500 3976 545 4024 71.
566 3977 615 4033 Ab,
636 3978 671 4026 ab
694 3985 745 4030 cet.
786 3976 857 4036 dum,
883 3988 981 4039 uapor,
1007 3973 1037 4020 Ut
1060 3973 1102 4020 itti
1121 3973 1256 4034 placeant.
1278 3999 1309 4009 -

225 4051 371 4112 «Video»,
391 4055 480 4116 inquit
503 4067 595 4116 maga,
624 4059 666 4106 uri
688 4071 746 4110 meo
785 4042 861 4115 quote
882 4067 937 4103 non
955 4048 1105 4115 perfectius]
1126 4052 1226 4104 Eadem
1248 4065 1311 4103 cou-

223 4127 324 4179 soiutua
337 4130 402 4191 abit,
416 4145 496 4196 quam
510 4134 610 4185 irritam
627 4149 676 4187 suo
690 4149 746 4188 car·
785 4136 929 4185 structione
945 4132 1000 4182 Sat.
1016 4137 1047 4194 1,
1065 4133 1095 4192 5,
1116 4132 1170 4182 41ι
1190 4133 1307 4191 unimur,
