2908 4796
222 383 303 456 660
609 376 756 437 nondun
777 385 920 436 unonou

350 547 406 612 Ab
428 541 487 612 oh!
511 548 642 612 solutus
664 546 810 612 ambulat
832 544 1003 610 vcncbcao

393 664 594 736 scientioris
617 669 772 732 carmine.

349 791 426 856 Non
449 792 602 872 usitatis,
626 788 732 870 Vure,
756 789 963 872 potionibus,

395 909 424 979 0
450 913 551 976 multu
573 910 725 975 fleturum
748 915 868 996 caput,

351 1033 405 1099 Ad
429 1052 480 1098 rne
501 1051 656 1099 recurres
679 1050 740 1097 noc
762 1035 886 1097 vocato
909 1049 1001 1096 mens
1022 1033 1081 1094 tun
1273 1029 1315 1089 75

392 1155 520 1221 Marsis
540 1154 662 1220 redibit
683 1154 834 1219 vocibus.

350 1277 465 1340 Malus
488 1277 633 1360 parabo,
658 1278 761 1339 mulus
784 1272 953 1338 infundam
978 1275 1037 1338 tibi

394 1395 592 1461 Fastidienti
618 1398 792 1480 poculum,

351 1516 515 1602 Priusquc
538 1518 664 1583 coelum
687 1517 773 1582 sidet
799 1518 938 1581 interius
960 1519 1062 1599 muri,

393 1637 528 1702 Tellure
551 1643 708 1721 porrecto
728 1656 848 1721 super,

275 1795 319 1845 71.
339 1792 414 1844 Aioi
433 1794 593 1853 ltenilolus,
615 1793 659 1843 Ha
671 1794 723 1844 bo!
741 1794 804 1845 Fea.
826 1821 855 1831 -
877 1795 920 1846 'ld-
941 1797 1038 1847 redibis
1057 1796 1087 1847 C.

225 1965 256 2010 ut
279 1958 372 2011 volunt
401 1959 465 2019 alil,
486 1971 515 2009 se
540 1958 574 2009 nh
610 1959 662 2010 alla
690 1972 751 2023 saga
790 1959 930 2017 tinuatur,
950 1965 977 2009 et
998 1957 1133 2009 Gallorum
1151 1960 1257 2019 potron.
1279 1985 1310 1995 -

224 2039 327 2091 remulo
346 2041 442 2090 victam
470 2038 576 2089 latetur.
596 2040 680 2089 lrnmo
702 2040 752 2088 boo
788 2037 929 2105 fleturum]
949 2039 1117 2090 «doliturum
1143 2045 1254 2101 proptor
1271 2041 1314 2088 in-

224 2131 332 2182 quoquo
361 2119 431 2168 inter
458 2121 672 2181 masnagium,
693 2119 752 2180 qul·
789 2122 889 2169 santam
906 2125 932 2170 ci
952 2118 1080 2177 lotorem,
1101 2117 1199 2179 quibus
1216 2117 1314 2168 touill-

225 2198 275 2249 bus
303 2203 364 2249 ante
383 2211 430 2249 usa
454 2200 505 2257 sit,
539 2203 684 2256 memorat,
712 2200 751 2246 in.-
789 2202 885 2248 ciam.»
906 2197 1032 2247 Cinsat.
1051 2195 1187 2257 2,1,tti=
1208 2198 1314 2260 quinos

226 2281 334 2329 unxisse
365 2292 393 2328 sc
420 2278 482 2327 Vari
512 2280 595 2338 ipsius
623 2277 749 2328 lectulum
788 2277 1062 2327 commorit·-Flcbit
1080 2282 1130 2326 cot.
1156 2299 1183 2310 -
1213 2282 1314 2324 uocatu

224 2360 326 2422 magico
343 2369 433 2417 succo,
454 2360 531 2406 ouius
544 2371 575 2408 ea
593 2359 631 2408 vis
651 2357 748 2416 luerit,
787 2354 870 2419 mons]
898 2369 970 2407 onoc
989 2369 1064 2406 meus
1083 2364 1127 2406 tua
1147 2359 1213 2405 mels
1232 2367 1313 2406 reuc-

225 2443 256 2486 ut
276 2437 319 2486 ille
339 2435 750 2487 obliuiscereturomuiumalia·
787 2440 827 2487 nis
847 2437 930 2487 semel
957 2436 1071 2486 alienata
1089 2436 1210 2496 mihique
1230 2432 1314 2483 obuo-

227 2529 285 2566 rnm
298 2519 441 2566 amicorum
461 2522 566 2575 praetor
579 2517 673 2576 ipsam.
696 2515 748 2565 Sed
788 2520 829 2568 xla
848 2516 936 2574 iacta,
969 2516 1193 2567 incantationibus
1213 2513 1312 2564 Marsis

226 2606 315 2656 neque
335 2595 386 2644 hoc
407 2594 572 2644 aemularum
587 2594 748 2660 μίσηθρον,
787 2604 930 2654 revocata,
961 2608 1081 2659 uuquam
1109 2595 1142 2645 ad
1170 2596 1312 2643 sanitatem

225 2680 256 2724 ut
283 2675 415 2723 contrario
443 2671 578 2742 φίλτροις
604 2673 748 2732 vocabant,
787 2675 991 2738 libertatemque
1004 2674 1128 2725 redibit.»
1142 2673 1225 2724 Recte
1241 2671 1312 2722 Mor·

226 2760 289 2803 tunc
309 2764 367 2802 earn
387 2754 497 2802 iuverat.
510 2773 540 2784 -
552 2748 642 2801 Minus
662 2759 749 2801 reotao
788 2755 879 2804 cilius:
901 2755 979 2805 «Tali
1003 2758 1110 2815 potione
1132 2759 1251 2803 mentem
1270 2757 1312 2801 tu-

227 2838 289 2881 sunt
324 2830 392 2881 alluo
423 2831 678 2889 interpretationes:
717 2826 749 2893 1)
787 2843 828 2882 ani
848 2835 911 2885 rnihi
931 2833 1073 2896 obligabo,
1103 2831 1222 2882 utnulla
1241 2832 1312 2883 Mar·

231 2910 386 2960 «indormit
402 2908 533 2958 cubilibus
548 2910 667 2959 omniurn
679 2922 750 2959 ruca-
788 2926 876 2963 sorurn
890 2922 936 2964 aut
949 2925 1084 2978 magorum
1104 2920 1182 2961 cantu
1202 2911 1267 2961 solvi
1280 2924 1312 2960 ac

229 3003 288 3040 rum
314 2989 477 3040 aemulorum
505 2990 592 3038 unctis
617 2986 749 3039 oblivione
787 3004 905 3043 remeare
919 2994 987 3044 adte
999 2993 1083 3043 libera
1098 2992 1209 3051 possit.»
1230 2990 1310 3041 Ouid.

228 3072 320 3119 urcio»
342 3067 398 3128 rel,
417 3074 448 3118 ut
466 3068 526 3127 alit,
547 3067 665 3117 detracta
685 3069 749 3118 lrna·
786 3074 820 3123 Α.
836 3074 869 3122 Α.
889 3074 916 3133 2,
930 3073 995 3122 106:
1017 3073 1122 3121 Pbtttro
1139 3075 1235 3119 nocent
1254 3072 1312 3119 oni·

229 3151 308 3211 gine:
330 3147 490 3198 obstinatur
504 3147 616 3197 aliarum
638 3146 748 3196 leminu·
788 3155 837 3201 mis
853 3153 956 3215 vimque
983 3146 1082 3212 furoris
1109 3150 1216 3199 boboni.
1254 3148 1310 3198 Cir.
1339 3155 1341 3159 ’

229 3241 286 3277 rum
298 3226 433 3276 amoribus
448 3227 592 3283 districtus,
607 3227 658 3276 mel
677 3238 749 3286 pror·
789 3232 875 3292 upon.
893 3232 936 3289 17,
956 3230 1007 3279 {452
1026 3230 1062 3277 Et
1080 3235 1125 3280 ro,
1143 3234 1218 3289 potos
1235 3241 1310 3282 nom,

228 3320 272 3357 sus
292 3309 456 3356 immernor.»
487 3301 513 3367 2)
534 3304 751 3354 ‹diormitluin-
788 3311 857 3360 rolvt
878 3322 918 3358 mc
935 3307 1074 3359 demuto.
1104 3307 1163 3357 Noli
1181 3309 1312 3366 interpre-

229 3391 333 3438 cantato
348 3384 428 3435 cubili
440 3385 551 3434 alicuius
567 3384 642 3433 meac
661 3396 752 3433 aemu·
788 3392 854 3438 tari:
887 3402 958 3439 ‹rneo
982 3394 1008 3438 te
1033 3387 1115 3438 semel
1140 3388 1204 3436 milri
1233 3386 1312 3436 adro·

228 3467 279 3525 1⁸0,
304 3478 373 3528 quae
397 3463 497 3513 1111111111
523 3466 576 3512 11115
601 3463 698 3520 estitit,
722 3467 752 3511 111
789 3476 876 3519 catum
895 3481 926 3519 ac
957 3471 1064 3528 potione
1084 3467 1229 3530 obligatum
1259 3467 1311 3516 sliu

228 3548 347 3599 omnium
374 3542 484 3593 aliarum
509 3542 666 3592 inminutum
687 3541 751 3591 obli·
787 3560 847 3610 saga
867 3551 964 3598 iterum
983 3559 1053 3597 ame
1072 3546 1312 3596 avocareearmiuc

228 3626 405 3675 visceretur.»
443 3619 468 3685 3)
489 3621 574 3673 «Non
593 3621 678 3671 solum
698 3623 750 3671 mel
788 3641 835 3677 suo
856 3628 996 3688 poteritu;
1019 3625 1077 3683 vel,
1096 3631 1126 3675 ut
1145 3624 1233 3675 verbis
1252 3630 1312 3673 utar

228 3701 435 3754 amorisoblltus
453 3705 480 3751 in
499 3707 640 3761 utramque
659 3712 749 3751 aurem
787 3699 996 3761 Porphyrionis,
1039 3698 1086 3757 qui
1114 3702 1203 3744 tamen
1231 3697 1311 3744 cilum

229 3782 335 3840 dormit,
357 3780 404 3831 sed
424 3784 504 3831 eiiam
524 3793 612 3829 amoro
631 3782 749 3828 omnium
788 3784 886 3830 rectam
921 3778 1169 3837 interpretationem
1209 3773 1310 3824 habeis

229 3873 347 3911 mearum
377 3861 540 3910 uernularum
558 3858 696 3908 solutus.»
717 3883 747 3893 -
788 3869 884 3907 (aureus
904 3862 948 3905 tua
981 3868 1062 3905 ame
1091 3858 1223 3903 incantata
1243 3864 1312 3901 uun·

227 3937 339 4001 solutus]
359 3944 390 3988 ut
408 3938 460 3988 Od.
481 3939 507 3997 1,
527 3937 572 3997 27,
592 3937 635 3986 ii.
787 3949 866 3997 quam
885 3937 991 3992 redibit,
1012 3936 1112 3984 etiamsi
1126 3932 1224 3983 Marsis
1239 3934 1311 3981 uoci·

261 4016 384 4069 73—76.
415 4015 584 4080 potionibus]
622 4017 655 4066 V.
672 4019 748 4077 potio
786 4015 835 4064 bus
854 4021 1021 4071 reuocetur»;
1042 4009 1310 4073 idquodlalsisslme

228 4093 352 4158 irequens
378 4098 411 4148 de
438 4098 540 4158 philtris
564 4109 596 4146 nc
619 4097 747 4154 venenis,
786 4096 893 4161 quidam
914 4097 953 4143 sic
975 4095 1099 4152 accepit,
1131 4089 1311 4152 quasi-Scho-

229 4175 299 4225 unde
325 4177 396 4238 apud
415 4175 490 4228 Suet.
514 4175 596 4237 Calig.
619 4175 673 4224 hiis
699 4187 748 4236 po·
785 4175 1149 4234 liastadlcerettouunquam
1163 4168 1262 4219 redibit
1275 4167 1309 4217 ad
