2900 4820
584 362 732 413 nouam
751 361 938 416 carminum

425 516 555 591 Crines*
567 524 706 608 pulvere
717 506 876 588 colitans.

344 685 419 751 Non
441 681 664 767 Lairiiadcu‘,
686 683 821 748 exitium
843 686 922 747 tuae

343 798 463 889 Genti,
483 825 551 870 aaa
576 803 706 891 Pylium
720 798 874 869 'Nestora
895 776 1062 887 respicis?

341 920 475 1017 Urgent
496 925 653 1011 impavidi
674 929 709 989 ie
730 900 932 991 Salaminius

427 1036 567 1115 'Teucer'
579 1051 613 1112 et
634 1024 819 1113 Stheudius
839 1047 950 1111 sciens

267 1248 311 1297 20.
333 1246 422 1296 Cultor
439 1257 463 1294 c.
483 1248 510 1296 et
527 1257 578 1306 mg.
600 1243 627 1292 S.
655 1244 719 1291 item
736 1242 767 1290 F.
799 1236 971 1304 (Exciderunt
990 1254 1003 1290 e
1023 1240 1140 1309 (lodii.
1160 1255 1202 1293 vr·
1222 1241 1289 1291 20-

216 1315 260 1367 32.
284 1343 309 1353 -
332 1317 376 1365 21.
395 1314 463 1364 Num
481 1341 492 1350 -
510 1338 521 1348 ·
537 1326 600 1363 naim
619 1327 633 1364 a
651 1312 779 1361 Vaticano
797 1313 914 1374 Reginae
931 1311 961 1360 F.
991 1335 1018 1344 -
1048 1313 1177 1360 escidium
1206 1310 1290 1362 Godd.

216 1401 260 1449 ap.
287 1386 375 1438 Benti.
396 1411 427 1421 -
459 1386 503 1434 22.
524 1381 615 1433 Gentis
640 1381 791 1431 bSTcLGtF
819 1387 845 1432 et
871 1380 959 1431 Beati,
987 1378 1075 1442 (Genii
1098 1386 1151 1430 ires
1177 1382 1290 1432 Biandd.

215 1454 314 1522 Vatia.)
334 1482 365 1492 -
402 1453 446 1504 2d.
477 1456 574 1504 Teucer
591 1459 615 1503 et
632 1452 711 1502 bST:
746 1451 842 1500 Teucer
857 1455 881 1502 te
907 1451 1023 1507 cLCiM,
1055 1452 1200 1516 Tcueerque
1229 1459 1254 1501 et
1276 1467 1291 1503 e

217 1527 283 1578 Gid.
304 1526 442 1578 recentiss.
463 1529 490 1575 et
508 1537 568 1575 cum
587 1523 672 1575 Corid.
692 1522 842 1581 Torrentii,
861 1520 930 1572 aldo
947 1534 979 1571 ac
996 1521 1126 1573 Giarcauo
1143 1521 1230 1575 Beati.

215 1692 265 1742 ridi
282 1692 420 1741 interitum
438 1689 582 1746 minitaas3
605 1690 632 1737 iu
656 1699 733 1749 prosa
770 1684 883 1734 ieuduut
900 1684 964 1734 iacis
983 1682 1060 1735 Ouid.
1080 1683 1212 1745 Met13,
1234 1686 1290 1735 50:

214 1784 254 1821 or.
275 1781 343 1821 «sue
362 1768 455 1819 tibiis
771 1764 893 1812 Eritium
912 1763 1007 1812 Troice
1022 1765 1159 1825 nostrique
1180 1763 1293 1814 orietur

250 1850 295 1899 20.
310 1843 413 1909 Crines]
426 1845 734 1906 Hanciectionemprac·
769 1841 890 1891 Aeiiiies.
928 1841 1023 1892 Scaea·
1043 1842 1124 1892 Hero.
1153 1842 1205 1891 iur.
1226 1842 1290 1892 358.

213 1929 355 1985 ieroaiteri
368 1928 464 1979 caitus,
487 1929 514 1976 et
526 1929 634 1987 propter
646 1924 732 1976 locum
769 1921 877 1983 Megara
902 1921 936 1972 de
961 1922 1047 1984 Lyco:
1080 1922 1214 1984 Quidnam
1230 1923 1292 1980 iste,

214 2010 385 2063 Homericum
404 2018 484 2067 supra
506 2007 687 2066 exscriptum,
707 2009 734 2055 et
769 2002 856 2050 uestri
867 2000 1089 2064 ymeriseccitiura
1101 2001 1205 2061 ociore,
1225 2003 1294 2049 navi

213 2096 322 2155 propter
336 2085 421 2137 Codd.
438 2086 575 2147 antiquiss.
593 2086 733 2135 auctorita·
765 2080 874 2141 parati
899 2079 952 2130 Sed
971 2078 1055 2129 Godd.
1075 2079 1219 2139 Blendium,
1242 2082 1294 2142 qui

213 2177 277 2222 tem.
298 2165 426 2218 Similiter
436 2164 511 2214 iliad.
525 2180 555 2220 rr,
569 2162 635 2214 795:
649 2160 733 2229 μιάν-
770 2157 899 2220 praebent
915 2158 1043 2218 dativum,
1057 2160 1294 2220 praestantissimis

210 2249 309 2314 θησαν
323 2244 354 2296 δὲ
374 2239 488 2314 ἔθειραι
506 2240 610 2308 αἵματι
621 2243 672 2293 καὶ
682 2257 733 2293 κο·
769 2236 961 2289 adnumerandi
972 2244 1043 2286 sunt.
1057 2263 1089 2272 -
1106 2238 1204 2288 Contra
1217 2238 1293 2286 Lati-

211 2330 303 2395 νδησι.
327 2323 406 2375 Piud.
428 2322 505 2374 Nem.
528 2337 557 2382 a,
580 2321 645 2371 104:
664 2337 731 2382 φαι·
767 2318 877 2366 nitatem
901 2316 955 2366 Fea
974 2315 1043 2365 Num
1060 2341 1072 2352 ·
1092 2329 1156 2366 oum
1170 2317 1207 2363 -T
1246 2316 1293 2365 Sic

210 2382 300 2470 δὶμαν
314 2403 385 2470 γαίᾳ
397 2394 604 2468 πεφύρσεσθαι
619 2394 729 2463 κόμαν.
768 2398 838 2447 anim
859 2396 1073 2458 respondendum
1097 2402 1181 2447 esset:
1203 2395 1291 2447 «Nou

210 2484 284 2545 Virg.
306 2470 374 2531 Aea.
398 2478 449 2537 12,
474 2477 527 2526 aa:
552 2478 596 2527 De
616 2480 731 2527 aterum
768 2476 916 2535 respicio.»
936 2499 968 2509 -
997 2475 1082 2526 «Non
1103 2476 1211 2537 respicis
1230 2489 1289 2535 eos,

210 2572 316 2623 empus.
331 2557 453 2608 Semiviri
462 2557 575 2620 Phrygis
591 2554 730 2617 etiaedere
767 2554 814 2615 qui
828 2553 875 2602 tibi
888 2555 995 2604 iamiam
1015 2553 1127 2617 iugieati
1142 2557 1263 2605 instanti
1275 2571 1289 2600 a

209 2638 356 2703 iupuiuere
368 2636 462 2685 crinea.
483 2634 576 2685 cuites
588 2633 731 2685 referretur
800 2631 845 2681 2d.
867 2633 963 2682 Teucer
980 2630 1014 2695 ei]
1035 2634 1070 2682 Η.
1085 2635 1102 2683 i.
1116 2640 1143 2686 ei
1158 2649 1184 2686 r.
1198 2633 1244 2684 311.
1259 2637 1290 2684 iu

210 2720 244 2771 ad
266 2717 310 2767 iiia
325 2716 418 2775 Eurip.
441 2714 528 2776 Iphig.
551 2715 578 2762 iu
594 2712 656 2763 Aul.
674 2712 727 2763 75:
766 2709 823 2761 basi
836 2717 876 2762 est
894 2711 1034 2762 trochacus
1047 2725 1095 2774 pro
1111 2713 1188 2763 solito
1206 2725 1290 2777 spon·

211 2789 339 2865 (Πάρις)
370 2787 503 2864 ἀνθηρὸς
527 2791 583 2856 μὲν
601 2787 729 2856 εἱμάτων
766 2790 833 2848 deo:
860 2791 932 2852 quod
952 2804 1005 2841 acu
1029 2791 1114 2843 solum
1133 2794 1292 2845 deieuditur

210 2870 434 2946 σιολῇ,χρυσῴ
451 2876 482 2921 τε
501 2867 644 2942 λαμπρός,
658 2870 729 2940 βαρ·
766 2868 927 2919 Graecorum
950 2876 1089 2932 poetarum
1112 2885 1207 2932 more,
1239 2875 1290 2926 sed

208 2952 293 3024 βάρῳ
313 2945 478 3016 χλιδήματι.
512 2949 565 3000 Sed
586 2951 629 3003 rei
652 2963 726 3000 uum.
766 2952 856 3010 eiiam,
876 2952 947 3014 quod
960 2953 1104 3014 utrobique
1117 2953 1224 3005 licentia
1238 2956 1291 3006 hac

210 3033 279 3094 piur.
304 3031 337 3082 de
356 3042 410 3080 uuo
431 3031 487 3081 viro
509 3026 662 3091 displicet„
765 3043 829 3080 usus
854 3036 893 3088 esi
921 3033 949 3081 in
979 3033 1131 3084 nominibus
1158 3038 1288 3095 propriis.

243 3111 288 3160 21.
308 3105 431 3171 eutitium]
453 3108 497 3158 Sic
511 3108 671 3168 metenda„
691 3108 726 3158 ai.
764 3107 858 3158 Fulcra
879 3112 956 3160 metri
972 3113 1132 3164 invenerunt
1152 3116 1290 3179 corrigen-

209 3191 351 3246 accidiam,
371 3188 442 3250 quod
463 3194 490 3238 ai
505 3191 633 3238 minorem
648 3187 728 3238 habet
764 3192 804 3237 tes
822 3190 916 3248 partim
931 3189 1037 3251 Teucer,
1054 3196 1088 3253 te,
1111 3206 1165 3255 qua
1180 3197 1290 3246 ratione

208 3271 287 3321 fldem
307 3267 408 3318 uiibris
428 3271 455 3318 ei
472 3270 559 3316 miuus
578 3272 667 3327 aarum
691 3267 728 3317 vi·
764 3268 845 3315 nimia
871 3270 910 3317 vis
938 3268 1065 3320 tribuitur
1089 3276 1241 3333 pronomini
1262 3270 1307 3325 et'
1346 3268 1351 3276 “

208 3351 296 3408 detur,
310 3359 370 3397 cum
381 3347 414 3398 de
428 3346 534 3396 urbium
550 3349 640 3407 potius
653 3358 727 3397 erer-
764 3358 796 3395 er
807 3345 911 3396 Horatii
926 3351 1120 3402 consuetudine
1141 3350 1232 3414 potius
1245 3369 1290 3405 rc-

208 3433 282 3481 sioua
308 3436 388 3491 quam
410 3426 443 3476 de
466 3424 624 3487 populorum
646 3428 727 3476 inier-
764 3425 1016 3490 quireretururyet;
1030 3434 1126 3490 partim
1138 3432 1290 3496 Teucerquc

207 3508 319 3559 nacione
340 3507 461 3567 usurpari
478 3505 570 3555 soieai.
585 3529 616 3539 -
638 3500 725 3565 Genti]
763 3506 796 3555 ei,
817 3504 940 3555 iunctura
953 3510 1015 3557 satis
1027 3512 1128 3572 ingrata
1144 3524 1193 3573 pro
1206 3512 1289 3563 Sala·

207 3586 362 3648 exquisitius
375 3597 454 3647 quam
462 3586 556 3648 neuris.
575 3583 619 3634 Sic
631 3583 724 3643 Eurip.
762 3582 910 3645 miraturque
920 3585 1025 3637 Teucer.
1034 3614 1066 3624 -
1075 3589 1223 3654 scienciae]
1236 3592 1289 3644 Ca·

206 3662 304 3715 Troad.
312 3663 378 3712 811:
394 3662 521 3713 Hercuies
529 3657 727 3732 χερδςεῦσιο-
762 3663 947 3724 unanimius,
967 3669 1057 3730 auriga
1081 3666 1229 3721 Diomedis.
1252 3697 1287 3707 -

206 3745 276 3807 χδαν
302 3738 392 3804 ἐξεῖλε
419 3743 513 3804 ναῶν,
542 3738 726 3805 Λαομέδοντι
758 3739 855 3804 sciere]
876 3746 979 3794 ascitus
993 3749 1149 3809 pugnandi»
1169 3749 1290 3810 explieat

206 3819 313 3886 φόνον.
349 3819 474 3883 Tragicos
502 3822 573 3882 apud
603 3819 659 3869 Cic.
691 3820 724 3871 de
763 3819 873 3880 Quintii.
896 3824 1040 3883 9,3,1θ.
1063 3827 1286 3888 Iliad-affine

206 3901 295 3951 Diria.
315 3898 341 3958 1,
360 3898 410 3947 21:
431 3901 498 3948 Eam
514 3896 656 3962 (Paridem)
671 3912 725 3948 esse
760 3896 859 3963 μάχης
870 3894 905 3952 ed
914 3900 1008 3954 εἰδότε
1019 3901 1125 3969 πάσης.
1147 3906 1246 3968 Odyss.
1258 3926 1286 3969 ν,

206 3979 318 4029 esitium
337 3975 453 4037 Troiae,
469 3984 568 4039 putem
585 3978 722 4042 Perearae.
759 3975 811 4025 aa:
833 3977 1025 4046 succedaneos
1041 3983 1096 4048 μὲν
1114 3978 1166 4047 ἀφ’
1185 3982 1288 4037 ἵππων

207 4056 286 4106 Silius
295 4054 321 4115 5,
330 4052 399 4103 aaa:
415 4054 523 4104 coritium
533 4057 676 4118 trepidie·-
684 4056 723 4105 Si·
759 4049 888 4126 Ὰνδράσι
896 4059 1080 4130 μάρνασθαι,
1092 4063 1142 4112 καὶ
1154 4059 1207 4114 ὅτε
1225 4063 1287 4135 χρὴ

206 4136 299 4185 citerus
310 4137 378 4184 erui.
397 4131 663 4185 Alteramicciionem
677 4136 723 4185 de·
759 4133 846 4199 πεζὸν
865 4135 963 4188 ἐόντα.
