2930 4810
557 275 708 331 uoatru
729 276 917 339 danninum

489 644 806 785 ,emmanu
841 676 959 761 v11.
1023 658 1026 667 '

294 963 296 969 Α
373 870 401 939 0
426 891 529 957 saepe
552 872 832 956 mecdartempas
850 872 1055 936 in²u1timum

371 994 525 1059 Deduete
547 993 655 1058 Bruto
679 995 814 1058 miiitiae
837 993 938 1076 duee,
1032 1040 1035 1041 ν
1116 1040 1119 1045 -

413 1112 497 1196 Quis
520 1118 554 1180 te
575 1114 755 1205 redonavit
778 1112 939 1197 Quiritem

257 1275 309 1325 on.
329 1275 389 1324 vu.
428 1274 512 1324 insu.
532 1273 600 1336 vag.
638 1273 856 1335 stamparum
877 1274 975 1323 raram
994 1277 1020 1322 a
1039 1240 1077 1322 sic
1095 1273 1165 1323 nro.
1186 1298 1218 1307 -
1247 1273 1289 1323 ra

202 1346 354 1409 Pompeium
370 1345 402 1395 θ.
434 1356 470 1380 -“
503 1343 544 1392 Ad
563 1344 679 1392 arntiam
698 1340 859 1405 Pompilium
878 1339 937 1406 (sie)
955 1343 1159 1393 commilitonem
1177 1340 1288 1394 Brutia·

200 1429 356 1479 numquam
374 1418 550 1476 recepturum
566 1415 659 1476 patria
677 1415 777 1462 inuitat
797 1414 823 1462 b.
847 1436 875 1450 -
896 1411 922 1461 3.
944 1413 1080 1476 Quiritum
1099 1412 1241 1464 merassas:

236 1543 297 1592 vll.
326 1541 454 1600 Pompeio
473 1540 566 1598 Varo,
586 1546 616 1590 ut
634 1541 728 1590 dicunt
766 1542 918 1599 bominem,
951 1553 1004 1601 quo
1032 1541 1225 1591 interveniente
1244 1553 1289 1590 re-

204 1617 505 1682 Saboiiastae‚(bomini
522 1622 603 1683 igitur
621 1621 726 1672 diverso
758 1621 862 1681 diarii,
890 1620 1021 1685 inteiligit.
1056 1619 1118 1670 Sine
1138 1620 1190 1671 ulia
1218 1623 1289 1670 enim

203 1718 218 1755 a
231 1704 360 1763 Pompeio
380 1700 503 1761 Grospho
521 1700 610 1750 Siculo
623 1701 664 1751 vei
679 1699 728 1751 sai·
766 1714 843 1751 cansa
854 1701 973 1752 nonnulii
986 1703 1022 1750 ita
1035 1702 1288 1765 interpretalirsnnt

203 1789 257 1834 tem
276 1782 418 1839 Siciliensi,
437 1781 472 1830 de
489 1794 542 1842 quo
563 1780 609 1841 cir.
627 1779 677 1829 Od.
699 1780 726 1840 2,
766 1794 796 1831 sc
820 1783 841 1829 si
867 1781 1010 1831 Maecenas
1035 1780 1155 1841 Pompeii
1184 1782 1290 1830 restitn-

203 1861 247 1911 16.
268 1862 383 1922 etEpp.
407 1860 440 1918 1,
461 1859 510 1918 12,
535 1856 592 1924 22.)
612 1859 727 1910 reditum
766 1863 865 1910 tionem
891 1860 924 1909 ab
956 1860 1099 1910 Octaviano
1132 1861 1288 1921 impetrarit.

204 1944 230 1990 in
249 1943 362 2002 patriam
389 1938 594 2001 congratulatur.
627 1938 728 1990 lndoa
767 1941 912 1989 immoboc
924 1940 1003 1989 dicit:
1027 1940 1194 2001 oQuomodm
1209 1952 1291 2001 qnae·

203 2021 330 2073 Massono
344 2021 470 2080 scriptum
489 2019 539 2068 boo
553 2031 657 2069 oarrnen
672 2023 729 2079 opi·
767 2034 806 2079 so,
819 2021 977 2080 factumest,
991 2025 1021 2068 ut
1034 2020 1120 2070 redire
1135 2020 1289 2081 potuerisin

206 2107 305 2152 uantur
324 2114 349 2150 a.
375 2113 403 2147 n.
425 2111 448 2148 c.
475 2099 552 2150 715..
590 2113 642 2161 quo
666 2094 727 2149 Sex.
769 2126 799 2135 -
820 2096 969 2161 redonavit]
989 2099 1117 2158 Verbum,
1136 2099 1292 2160 quodnunc

204 2182 348 2243 Pompeius
368 2179 417 2228 Cn.
437 2179 467 2227 F.
494 2183 561 2229 teste
577 2178 679 2229 Velleio
700 2180 727 2238 2,
768 2179 839 2239 apud
864 2179 947 2227 solum
979 2179 1119 2227 Horatium
1148 2180 1289 2238 reperitur.

203 2261 248 2310 77.
270 2272 335 2321 paee
355 2272 414 2308 aum
435 2260 575 2309 triumviris
594 2261 657 2308 inita
677 2271 730 2306 om-
769 2260 803 2307 H.
818 2258 835 2306 1.
857 2265 898 2308 est
911 2258 1054 2318 creddidit,
1069 2258 1211 2316 restituit»,
1227 2246 1301 2316 non,‘

202 2340 279 2388 nibus
295 2339 453 2401 proscriptis
471 2338 599 2400 aliisque,
632 2332 677 2400 arci
695 2337 731 2385 ad
770 2343 800 2386 ut
814 2338 924 2389 Moniab
941 2342 1025 2398 putat,
1046 2337 1140 2387 eodem
1154 2350 1233 2388 sensu
1247 2348 1293 2397 po-

205 2432 263 2467 cum
282 2431 315 2466 ea
344 2418 455 2466 diuersis
481 2418 567 2465 causis
593 2410 730 2478 fugerant,
769 2421 848 2467 situm
867 2422 947 2480 atque
970 2416 1021 2466 Od.
1045 2415 1071 2476 3,
1095 2415 1122 2476 3,
1142 2416 1193 2464 33:
1212 2427 1293 2476 nepo-

204 2498 320 2547 reditum
332 2497 494 2559 salutemque
507 2500 602 2556 pactus
616 2503 662 2545 est.
683 2497 731 2545 His
770 2504 821 2544 tem
835 2495 922 2545 Marti
936 2493 1081 2554 redonabo,
1106 2495 1133 2544 11
1149 2501 1198 2556 est,
1214 2507 1293 2544 «oon-

205 2579 286 2640 tgitnr
305 2575 447 2625 redonibus
474 2578 552 2625 etiam
574 2575 731 2636 Pompeium
771 2576 922 2636 donabor,
955 2576 982 2625 11
1007 2575 1080 2637 quod
1105 2576 1231 2626 adversus
1252 2587 1293 2622 so·

205 2656 304 2705 Varum
318 2655 505 2704 adnumerant.
535 2655 587 2704 Sed
606 2657 731 2715 temporis
772 2654 856 2705 dalem
891 2653 983 2704 inisset
1014 2655 1174 2704 inurbanum
1211 2661 1292 2714 atque

206 2734 279 2784 nnita
302 2740 374 2784 certa
397 2735 551 2795 significatio
564 2735 609 2794 fiii
633 2737 732 2784 rectius
770 2740 918 2798 agreste-
934 2732 1074 2797 Quiritem]
1087 2735 1113 2783 id
1129 2741 1177 2795 est,
1191 2736 1293 2795 «capito

206 2827 270 2867 sane
292 2826 351 2862 cum
373 2813 545 2864 Groteiendio
575 2821 600 2865 et
618 2815 731 2863 Frankio
771 2829 824 2865 non
842 2817 894 2863 iam
914 2813 1100 2875 deminutum,
1123 2815 1169 2865 sed
1190 2817 1293 2877 integro

208 2893 335 2957 cogitabis
351 2893 384 2943 de
407 2906 477 2943 anno
497 2897 602 2944 circiter
620 2893 682 2942 721.
771 2897 883 2946 civitatis
901 2893 1038 2944 Romanae
1061 2898 1118 2945 inre
1137 2907 1228 2944 rursus
1247 2893 1294 2941 do-

241 2973 270 3043 1.
291 2972 577 3033 tempatinnitimum]
600 2976 642 3022 nin
661 2985 731 3023 sum·
771 2978 897 3030 natumst
918 2987 978 3023 nam
998 2974 1088 3025 exules
1110 2977 1241 3024 minorem
1251 2985 1294 3022 aa·

208 3054 359 3102 mnmvitae
378 3050 551 3102 discrimen.»
578 3053 622 3102 Sic
636 3052 731 3103 Catuli.
771 3056 832 3115 pilis
850 3053 1059 3104 deminutionem
1079 3052 1247 3114 patiebantur
1267 3055 1296 3100 el

207 3130 252 3191 ti,
267 3131 335 3180 151:
355 3134 520 3192 supremam
532 3139 649 3194 tempore
662 3135 694 3181 'et
706 3145 731 3180 v·
771 3133 804 3183 ad
841 3134 1056 3194 peregrinitatem
1095 3119 1293 3194 redigebantur.

208 3211 277 3262 aaa:
297 3219 415 3260 extremo
431 3215 547 3271 tempore
561 3213 730 3261 saenaFors.
773 3212 918 3275 Singularis
942 3211 1071 3273 Quiritem
1095 3211 1171 3262 vaide
1195 3223 1296 3261 memo·

208 3290 276 3342 Beli.
291 3290 365 3342 dier.
380 3291 411 3339 7:
430 3290 459 3338 tn
478 3297 623 3339 extremum
642 3305 733 3341 casum
773 3294 862 3343 rabitis
878 3295 950 3344 visus
969 3299 1009 3343 est
1020 3292 1203 3342 Grammaticis
1225 3286 1295 3353 (Cie-

207 3371 312 3420 dednci.
547 3432 551 3441 ,
772 3372 854 3422 donio
870 3384 896 3433 p.
909 3372 987 3420 1898.
1001 3370 1044 3436 Ρ.)
1059 3377 1085 3422 et
1099 3374 1126 3420 in
1141 3369 1242 3421 Libello
1261 3368 1295 3418 de

243 3450 270 3498 2.
291 3446 385 3511 Bruto]
407 3449 475 3498 «Per
491 3449 630 3499 biennium
649 3463 732 3512 prope
772 3466 831 3516 gen.
855 3465 927 3501 norn.
949 3453 1000 3501 Ed.
1022 3453 1133 3512 Hauptit
1164 3463 1223 3513 pag.
1243 3447 1294 3497 96:

209 3527 318 3593 (a.711.
341 3524 416 3592 712.)
436 3531 462 3577 in
485 3529 592 3590 proeliis
614 3543 629 3579 a
651 3530 732 3579 Bruto
774 3531 908 3593 «Quirites
921 3530 1296 3595 singularemnnmernmnou

210 3610 356 3657 commissis
386 3618 440 3657 nna
458 3621 537 3668 saepe
570 3612 671 3669 experti
691 3622 734 3658 su·
772 3610 862 3660 habet.
888 3609 954 3661 Nam
970 3610 1112 3661 Maeoenas
1124 3609 1190 3659 dixit
1207 3607 1296 3670 Quiri·

210 3700 268 3735 rnns
281 3685 543 3746 summopericnian;
557 3686 583 3736 id
599 3687 733 3749 quodnon
773 3696 834 3747 icat,
854 3688 901 3738 sed
920 3702 975 3738 non
997 3692 1152 3750 recipitur.»
1185 3687 1295 3737 Certen

210 3769 292 3829 magis
302 3764 464 3816 tortitudinis
480 3779 536 3817 esse
553 3772 641 3828 potest
654 3781 734 3829 quam
773 3770 858 3828 poetis
868 3768 1003 3819 dumtaxat
1015 3765 1296 3829 usurpatur.reiutiab

210 3856 295 3894 casus.
317 3840 426 3906 (Moneo
443 3851 550 3906 propter
568 3859 592 3896 v.
608 3843 664 3909 10.)
774 3847 853 3898 Ovid.
868 3847 928 3896 Am.
943 3845 969 3908 3,
986 3847 1028 3907 it,
1048 3847 1080 3896 9:
1101 3849 1196 3910 ignoto
1217 3857 1297 3894 mere·

246 3922 271 3971 3.
295 3922 369 3986 Quis]
389 3925 436 3974 Est
457 3929 575 3977 mirantis
595 3927 628 3976 de
645 3929 734 3989 inspe·
773 3928 828 3974 tric
847 3940 942 3988 corpus
959 3928 1088 3976 iunctura
1101 3924 1210 3986 Quiriti,
1230 3929 1257 3974 et
1269 3926 1297 3973 in

210 4007 266 4052 rato
289 4005 347 4054 eius
366 4004 454 4055 reditu
478 4007 649 4069 interrogatio
673 4012 735 4068 poe·
773 4008 882 4068 antiqua
901 4005 1011 4056 iormuia
1025 4008 1164 4068 praeconis
1182 4007 1209 4054 in
1222 4004 1297 4054 iuno·

210 4083 262 4132 tica
285 4094 373 4144 neque
398 4097 459 4134 vero
485 4090 586 4134 certum
616 4086 734 4146 aliquem
774 4085 847 4134 ribus
867 4087 999 4138 indictivis
1017 4086 1089 4147 apud
1108 4086 1216 4135 Festum
1236 4095 1296 4147 pag-
