2936 4804
562 334 627 384 Ltit.
648 331 694 384 Ν.
732 332 762 383 C.
782 330 830 381 tx.

323 450 457 563 Obortis
478 495 665 559 inornatum
686 494 809 576 silebo,

366 617 476 680 'l'otve
498 619 575 680 tuos
597 617 707 700 patiar
728 614 861 679 iabores

281 778 437 860 Impune,
459 774 563 857 Lolli,
586 789 726 856 carpere
749 770 871 836 lividus

281 892 488 962 Obliviones.
529 894 593 957 Est
616 894 744 956 unimus
765 892 825 957 tibi

321 1017 511 1099 Rerumque
534 1012 682 1100 prudens
704 1017 739 1077 et
760 1009 919 1078 secundis

365 1136 585 1220 Temporibus
607 1134 781 1219 dubiisque
802 1137 934 1219 rectus3

280 1278 413 1343 Vindex
436 1294 561 1341 averna
584 1273 713 1339 ireudis
735 1276 769 1338 et
791 1272 967 1337 abstinens

281 1400 443 1465 Ducentis
465 1395 508 1461 ud
529 1415 567 1462 se
591 1399 712 1462 cuncta
735 1395 915 1479 pecuniae,
979 1456 983 1461 .

320 1520 513 1604 Cousuique
537 1537 603 1581 non
626 1517 724 1581 unius
744 1518 845 1597 unni,

204 1773 247 1823 31.
267 1773 340 1822 sileri
365 1769 463 1821 chCt.
490 1766 554 1831 (uon
580 1764 689 1832 RSLF.)
714 1793 747 1805 -
781 1767 880 1819 Deficit
897 1765 964 1818 Coti.
984 1767 1075 1820 Tune.
1096 1767 1158 1819 inde
1177 1780 1193 1816 s
1211 1782 1237 1819 v.

150 1844 196 1895 33.
217 1855 303 1906 usque
331 1843 364 1891 td
389 1838 545 1891 Carm.X1.
571 1838 615 1889 12.

150 2056 248 2094 ccxix:
263 2041 333 2091 Sone
340 2040 455 2102 rhythmi
463 2042 488 2088 et
499 2038 591 2089 Musae
603 2037 677 2086 baud
713 2048 763 2099 que
780 2049 870 2085 rerum
888 2035 973 2084 ruens
991 2047 1070 2096 eoque
1087 2036 1236 2087 interritus.

151 2125 274 2173 desinunt
288 2122 380 2169 instar
396 2118 491 2167 babere
506 2118 589 2166 tineae
599 2117 676 2165 unio·
714 2114 816 2165 Reierrt
830 2115 880 2163 boc
891 2126 954 2164 seue
973 2118 1061 2174 potest
1076 2114 1235 2175 adeladem,

149 2201 228 2250 nibus
248 2204 393 2249 consertae.
430 2195 526 2245 Soluto
553 2195 676 2244 oratione
712 2206 792 2257 quam
817 2193 918 2244 Loiitus
941 2196 967 2243 in
988 2191 1129 2243 Germania
1145 2206 1237 2255 passus

149 2281 314 2344 murqoritoe
332 2281 409 2332 sunt.
430 2287 498 2338 quos
517 2275 675 2322 sinexueris
713 2279 778 2324 erat.

151 2357 283 2416 Carmine,
305 2356 434 2404 exsistant
452 2358 556 2416 torques
579 2357 604 2400 et
620 2364 674 2398 rno-
747 2350 790 2400 37.
811 2349 855 2398 38.
877 2345 992 2411 Vindec]
1012 2353 1083 2412 «qut
1101 2350 1143 2400 vei
1158 2352 1237 2404 tuder

149 2438 227 2485 nitio.
248 2432 399 2497 Diffuqtunt
411 2434 482 2481 inter
500 2444 542 2480 eos
554 2425 674 2493 (Arabes)
712 2430 753 2482 rei
772 2430 922 2491 provinciae
936 2440 1042 2488 praeses
1056 2442 1146 2481 seuere
1161 2434 1239 2492 punit

151 2515 306 2564 celsissimos
321 2513 444 2571 virtutes,
463 2511 516 2559 nisi
533 2511 607 2572 queis
623 2508 675 2557 Fu·
713 2509 818 2560 iraudes
841 2515 867 2559 et
888 2510 1035 2568 avaritiam,
1055 2509 1113 2569 ipse
1127 2523 1238 2572 quoque

150 2593 235 2642 nieuit
256 2596 410 2652 poematum
435 2591 564 2650 perennio
583 2590 676 2638 iniece-
712 2592 845 2651 arapinis
864 2587 1046 2638 abhorrebit.»
1059 2613 1093 2623 -
1111 2589 1240 2640 Ducentis

149 2674 207 2722 rint
226 2671 343 2719 uinculo.
359 2694 390 2705 —
406 2665 530 2729 inertiae]
551 2669 631 2719 detiu
646 2673 677 2717 ut
713 2668 749 2719 oti
765 2665 808 2731 se]
840 2671 939 2718 «cuius
963 2667 1093 2719 iiiecebris
1116 2670 1237 2732 plerique

152 2748 371 2809 su.1‚t‚ta:
400 2744 676 2811 comoedia-differt
714 2746 850 2797 ducuntur
879 2750 1078 2807 transversique
1106 2754 1236 2811 aguntur,

150 2831 275 2879 sermoni.
313 2828 398 2878 Beati.
431 2827 560 2877 uolebatt·
586 2827 677 2875 Virtus
714 2828 866 2888 paucissimi
880 2839 941 2876 curn
951 2829 983 2876 iis
994 2827 1237 2890 resistent.nQuod

150 2908 278 2958 inertia
297 2912 434 2967 poetarum
453 2905 539 2954 celoto
554 2904 677 2966 pontium
715 2906 875 2956 Seboiiastae
890 2905 1037 2966 expirant:
1060 2906 1238 2959 «Pecunioso

152 2987 239 3036 distat
259 2989 348 3036 virtuti
375 2984 504 3045 sepultos.
526 3007 555 3018 -
583 2980 675 3044 sitcbo]
714 2974 773 3033 rum
795 2986 903 3047 gretiam
934 2987 1022 3034 cuncti
1046 2991 1237 3048 sequunturs:

151 3066 203 3116 iiiii
228 3065 302 3114 sileri
330 3079 360 3116 er
379 3063 623 3126 accommodatione
642 3060 675 3112 ed
715 3067 741 3112 iu
760 3077 801 3113 rr.
822 3066 929 3124 proprie
949 3077 1003 3113 noa
1019 3066 1097 3114 inest.

150 3146 292 3206 specim.
312 3169 343 3179 -
364 3144 445 3194 «Nou
464 3141 626 3200 concedam,
647 3147 677 3190 ut
749 3140 792 3190 ab.
819 3140 973 3206 Consutque]
995 3142 1116 3204 «Optimi
1137 3145 1238 3205 quique

151 3220 340 3274 uiaiewiorum
359 3224 424 3272 iiror
441 3229 467 3272 et
485 3220 617 3270 obiirione
631 3221 677 3269 ob·
714 3223 857 3282 scriptores
873 3232 926 3270 uon
954 3219 1031 3271 ai'iter
1048 3221 1183 3272 interdum
1204 3223 1237 3274 de

152 3309 242 3353 scuret
264 3309 290 3352 et
311 3307 420 3364 carpat,
441 3299 615 3350 obtrectando
634 3313 677 3350 er·
714 3302 801 3349 animo
824 3313 902 3362 quam
922 3299 955 3350 de
981 3314 1094 3362 persona
1113 3304 1237 3363 quapiam

151 3387 262 3440 terunt,
282 3383 416 3442 praeclara
436 3386 480 3430 tua
499 3378 596 3429 iacta.»
714 3380 887 3441 loquuntur.»
907 3379 1015 3430 Brure.
1046 3380 1134 3444 Atque
1151 3393 1238 3433 erem-

186 3463 231 3512 35.
251 3459 296 3509 33.
315 3456 589 3521 uerum-prooem]
614 3472 677 3509 ‹ire-
715 3458 758 3520 pia
775 3459 844 3522 terge
864 3472 945 3510 mauu
962 3460 995 3508 ab
1016 3456 1047 3510 eo
1066 3460 1174 3509 coiiecte
1194 3460 1238 3509 de·

152 3554 212 3590 rum
232 3541 348 3591 cirinum
373 3539 584 3600 beiiiearumque
609 3540 678 3598 peri·
715 3545 863 3589 monstrant
875 3541 982 3590 Latinos
995 3538 1107 3590 dixisse:
1127 3536 1239 3587 Animus
1295 3603 1298 3608 Ι

151 3627 223 3670 tus.»
245 3645 273 3655 -
300 3618 394 3668 Rectus
413 3621 555 3679 opponitur
572 3620 610 3676 ei,
631 3620 677 3679 qui
715 3620 881 3671 aestimator,
902 3616 1033 3679 carnifex,
1057 3630 1158 3677 censor,
1178 3631 1239 3668 con-

151 3691 185 3740 ad
216 3702 323 3739 omnem
347 3700 436 3738 casum
456 3689 571 3739 flectitur
595 3692 677 3749 atque
715 3703 836 3758 temptor,
855 3702 1007 3757 corruptor,
1027 3697 1158 3755 dominus,
1177 3696 1240 3746 iibe-

152 3777 320 3838 deprimttur.
355 3775 402 3824 Est
424 3779 518 3838 igiturt
551 3766 677 3838 «firmus,
714 3782 809 3828 rotor,
836 3777 1017 3837 proscriptor,
1045 3781 1152 3845 rector,
1180 3787 1237 3827 rec,

153 3862 278 3908 canemus
293 3855 397 3918 sibique
409 3868 513 3918 semper
530 3857 676 3918 aequatis.»
714 3854 873 3915 speculator,
894 3854 991 3917 quibus
1007 3853 1075 3904 adde
1095 3866 1126 3904 er
1137 3854 1238 3906 Seneca

153 3961 186 3972 -
206 3932 305 3996 dubiis]
326 3946 405 3996 saepe
417 3935 489 3985 idem
502 3935 557 3985 iere
570 3946 600 3985 ac
620 3949 677 3986 ure·
714 3935 853 3984 Phoenise.
873 3933 925 3983 bb:
952 3934 1070 3983 suntor
1089 3934 1193 3992 oniene5
1213 3940 1240 3985 et

152 4013 203 4063 bus
223 4014 369 4064 adversis.»
389 4013 453 4063 Tac.
477 4013 547 4062 Anu.
567 4014 600 4072 1,
622 4013 675 4064 ott
715 4028 746 4064 ex
769 4013 847 4063 Plinii
870 4013 969 4076 Paneg.
992 4013 1056 4063 552-
1073 4019 1240 4074 contemptor

110 4160 112 4165 Ι
153 4093 269 4142 Caecina
285 4091 462 4142 secundorum
479 4091 677 4154 antiquorum·
715 4093 868 4142 ambitionis
894 4097 919 4140 et
953 4092 1074 4156 intinitoe
1095 4093 1240 4152 potestatis
1307 4113 1311 4118 ·
