2908 4796
212 370 292 441 ⁶42
601 372 748 423 uoaaru
769 371 912 423 uronort

210 535 299 583 usuris
327 533 452 592 proximis
476 533 605 583 Kalendis
638 545 734 595 pernu-
772 533 940 595 quiorpontt
959 530 1151 595 «recolleglto,
1172 532 1198 580 to
1222 533 1298 595 quoti

210 611 382 669 merandam3
403 611 515 663 eandem
539 619 647 671 tamen,
674 625 732 663 cum
772 618 902 673 repugnat
924 611 1111 661 consuetudini
1124 612 1245 670 Latinae,
1270 619 1297 663 et

209 704 257 741 eae
278 690 458 751 advenissent,
481 692 577 762 lterum
600 692 676 752 ponit
696 690 734 743 io·
772 689 804 741 ab
820 686 1012 753 Oudendorpio
1025 690 1058 742 atl
1073 692 1171 753 appui.
1186 691 1253 743 Met.
1268 691 1295 741 o.

208 773 304 829 norl3u
334 775 361 820 et
377 770 438 821 lect.
464 771 572 834 relegit,
596 770 732 823 dolensem
771 782 798 832 p.
821 769 883 820 toa

209 851 342 901 tamenab
356 851 469 901 Heinsio
479 851 590 902 hovers.
611 864 636 912 p.
651 850 731 911 235„

666 1011 862 1022 —--—-

536 1149 907 1208 EXCURSUS
945 1151 973 1207 Ι.

617 1261 856 1318 apolonii.

738 1385 773 1421 nx

599 1451 709 1501 Chnonr
735 1452 907 1501 Laonuartrtr

532 1542 570 1577 an
600 1544 623 1578 c.
650 1542 798 1580 araunium
825 1541 973 1579 nrrsrona.

281 1609 333 1658 «ln
353 1606 439 1668 epodo
458 1608 574 1658 secundo
602 1609 734 1661 videbaris
754 1609 817 1659 mihi
837 1605 875 1672 (p.
894 1609 938 1658 ui.
960 1604 1033 1670 ibo.)
1059 1609 1150 1656 nescio
1170 1617 1223 1664 qua
1242 1605 1298 1653 sive

210 1686 318 1738 iuvenili
340 1687 507 1736 coniectandi
536 1690 740 1749 intemperantia
758 1692 813 1741 sire
839 1685 1216 1751 pravarumflobserrationum
1236 1695 1300 1732 con-

210 1768 314 1829 tagione
334 1768 412 1815 nimis
432 1766 563 1816 subtiliter
581 1769 738 1830 ignorabilia
756 1771 867 1818 rimatus
885 1780 953 1827 esse,
974 1772 1004 1817 ut
1023 1771 1158 1829 postremo
1171 1776 1224 1814 non
1240 1763 1300 1822 qui-

211 1845 271 1894 dem
292 1845 357 1907 quid
383 1844 504 1905 luppiter
522 1846 619 1895 Iunoni
648 1849 674 1896 ln
694 1861 804 1907 aurem,
833 1846 880 1897 sed
906 1851 994 1897 tamen
1024 1845 1088 1908 quid
1114 1849 1183 1896 inter
1212 1857 1240 1895 se
1261 1841 1299 1890 ilii

212 1929 368 1976 «consortes
387 1924 484 1984 studii,
506 1927 549 1986 pla
569 1927 644 1975 turba
664 1932 780 1987 poetae»
810 1922 972 1988 (Horatius,
992 1926 1138 1988 Virgilius,
1159 1918 1299 1982 Tibullus)

210 2007 338 2070 egissent,
365 2002 411 2052 tlbt
431 2005 560 2056 videreris
579 2005 737 2069 intelligere.
777 2005 854 2057 Certe
875 2020 922 2070 ego
952 2005 1073 2056 hebetior
1091 2002 1299 2068 Virgiliauorum

150 2104 152 2109 v
211 2085 356 2133 carminum
376 2080 482 2146 (Georg.
497 2083 594 2142 2458.
606 2082 695 2147 seqq.)
714 2089 741 2135 ln
760 2085 804 2135 illo
824 2085 910 2145 epodo
924 2084 1023 2135 nullam
1043 2085 1156 2134 litteram
1171 2094 1298 2144 agnosco.

211 2165 295 2211 immo
314 2162 377 2212 mibi
398 2175 483 2225 nuper
497 2163 633 2224 Gruppius
653 2166 680 2212 ln
700 2164 777 2222 libro,
798 2177 878 2225 quem
898 2163 930 2214 tle
950 2163 1165 2226 elegiaRomana
1183 2163 1299 2222 scripsit,

212 2239 249 2304 (p.
272 2238 345 2305 392.)
365 2241 461 2291 Tibulli
481 2244 610 2304 quosdam
630 2231 800 2294 versus'cum
815 2240 925 2293 Horatio
937 2247 1131 2303 comparavisse
1150 2242 1192 2295 rel
1211 2244 1300 2300 aptius

212 2321 244 2370 ad
264 2320 479 2382 persuadendum
499 2322 620 2379 videtur;
641 2336 702 2372 cum
721 2328 809 2373 tamen
829 2329 930 2372 certum
950 2323 984 2370 sit
1003 2322 1143 2373 Horatium
1161 2326 1190 2372 in
1204 2322 1299 2381 epodis

212 2401 245 2451 ati
267 2400 364 2451 Tibulli
393 2402 509 2451 carmina
529 2403 661 2461 respicere
681 2415 733 2452 non
753 2403 890 2462 potuisse,
917 2404 968 2452 nisi
988 2404 1016 2451 in
1035 2398 1141 2453 Tibullo
1165 2414 1248 2460 meus,
1271 2402 1299 2449 in

213 2481 322 2530 Horatio
344 2488 402 2530 tuns
421 2485 571 2541 temporum
597 2482 712 2533 rationes
732 2480 915 2540 repudiemus.
954 2481 1008 2543 Ego
1028 2481 1078 2531 hoc
1105 2494 1188 2531 uuum
1208 2481 1300 2540 video,

213 2560 322 2610 Horatio
353 2559 470 2608 iambum
489 2557 640 2609 Archilochi
661 2567 721 2609 anto
750 2559 841 2609 oculos
860 2560 959 2619 tuisse,
992 2559 1025 2609 ad
1045 2562 1121 2609 cuius
1149 2558 1299 2620 exemplum

214 2640 285 2689 bunc
304 2653 382 2689 suum
402 2644 585 2699 componeret.
623 2640 720 2699 Illum,
750 2641 877 2702 inquam,
906 2641 933 2687 ln
952 2653 1006 2702 quo
1027 2639 1176 2691 Charopem
1196 2638 1302 2689 labrum

187 2720 190 2725 ’
213 2721 367 2781 loquentem
386 2718 509 2774 induxit,
537 2720 611 2767 cuius
629 2720 733 2767 initium
753 2718 804 2768 luit
829 2713 943 2784 Orl'por
962 2715 999 2769 τὰ
1017 2717 1118 2785 Γύγεω
1137 2716 1191 2769 τοῦ
1212 2717 1300 2769 πολυ-

212 2796 328 2867 χρύσου
345 2796 428 2861 μέλει
446 2792 508 2845 οὐδ’
526 2791 586 2846 εἷλέ
604 2793 647 2846 πώ
664 2812 702 2861 με
716 2795 811 2862 ζῆλος.
835 2796 888 2847 Setl
901 2797 988 2857 nobis,
1008 2812 1090 2861 quarn
1102 2797 1170 2848 bella
1185 2810 1301 2866 quamve

213 2879 302 2925 iocosa
321 2874 400 2926 tuerit
419 2877 546 2933 imitatio,
567 2877 609 2926 vir
627 2879 755 2936 suspicari
775 2878 853 2934 licet,
874 2889 933 2926 cum
952 2890 986 2927 ne
1005 2879 1103 2928 eritum
1123 2876 1233 2941 quidem
1249 2876 1299 2927 Ar-

215 2955 338 3005 chilochil
358 2957 500 3016 carminis,
521 2956 672 3005 cuiusmodi
692 2956 790 3015 luerit,
820 2956 938 3007 divinare
956 2959 1098 3018 possimus.
1137 2956 1168 3006 ln
1188 2957 1258 3016 hoc,
1276 2959 1300 3006 si

213 3035 383 3086 Aristotelem
404 3041 474 3087 recte
494 3032 610 3101 intelligo
629 3030 750 3098 (liberor.
771 3033 804 3095 3,
825 3032 896 3098 17.),
916 3035 967 3087 tuit
988 3030 1090 3104 ψόγος
1109 3029 1180 3087 ἄνευ
1199 3029 1300 3105 α’γροι·

213 3117 288 3177 κὶας.
318 3114 444 3164 Horatius
458 3118 615 3165 suavitatem
629 3116 760 3175 quaesivit
772 3120 801 3165 et
816 3113 972 3179 ridiculum
993 3116 1044 3165 boc
1062 3115 1170 3177 quidem
1183 3128 1298 3172 summe,

214 3206 274 3251 cum
292 3192 436 3245 ianeratori
455 3193 581 3243 adscribit
601 3195 667 3244 baec
684 3229 691 3253 ‚
711 3195 769 3256 guis
786 3188 1011 3254 ooo'molorum,
1042 3207 1109 3257 quor
1127 3207 1204 3243 omos
1219 3207 1300 3244 curor
1358 3212 1362 3218 ·

214 3272 310 3328 habet,
340 3274 404 3322 boec
423 3274 493 3322 lotor
512 3273 696 3322 obliviscitur?
726 3273 773 3324 sed
802 3272 851 3323 sub
882 3275 938 3323 risu
969 3276 1081 3336 locoque
1112 3275 1194 3325 latere
1220 3275 1300 3324 amici

214 3347 337 3416 (Virgilii)
365 3354 515 3404 irrisionem
540 3365 588 3402 cur
607 3354 770 3413 suspiceris
803 3377 833 3387 -
862 3352 966 3403 Marius
985 3352 1135 3407 Victorinus
1154 3366 1214 3417 pag.
1237 3351 1297 3402 188.

121 3492 130 3502 ἱ
215 3428 317 3480 Galsa:
349 3431 392 3480 Hor
410 3433 530 3482 trimetro
557 3445 633 3480 verro
650 3432 764 3481 iambico
783 3433 895 3494 eposium
925 3432 1113 3494 octosyllabum
1130 3434 1301 3484 Archilochus

215 3517 375 3561 commentus
394 3517 452 3561 est:
485 3516 516 3560 ut
533 3511 632 3589 Beatus
651 3511 713 3570 ille,
734 3513 779 3573 qui
800 3510 891 3572 procul
910 3514 1030 3577 negotiis.
