2854 4824
534 354 597 404 aaa.
618 357 639 404 ι.
679 356 708 405 a.
729 356 777 405 ιιι.
930 320 939 329 ’
1150 356 1202 426 33

84 528 171 588 roqain
189 526 354 587 ignotum,
393 530 529 582 quemque
546 512 591 569 diu
610 526 720 581 postea,
748 520 775 570 id
799 527 856 578 est,
890 520 997 571 demum
1019 526 1081 571 anta
1099 522 1200 574 editura

88 606 189 654 bibrum
208 608 382 666 quartum,
419 601 449 648 in
469 611 536 647 suam
554 598 758 650 familiaritatem
776 599 912 650 admisisse
930 598 1045 653 ridetur.
1094 601 1200 662 Quanto

91 688 169 746 aptius
188 689 250 732 erat
271 681 312 731 ab
337 686 469 739 utroque
482 684 586 738 potente
604 683 690 729 amico
708 682 834 730 continua
860 680 944 740 excipi
971 682 1102 738 amicum,
1127 682 1201 732 Mae·

94 765 187 821 esdad,
218 760 366 817 Caesari,
391 759 445 817 lpsi
465 758 620 808 carissimum
639 759 743 822 illisque
762 759 961 824 dignissimum,
980 758 1106 822 subsequi
1126 760 1200 811 dein·

97 856 151 903 ceps
175 843 270 891 airum
301 837 508 898 amplissimum
525 849 554 886 ac
572 844 680 899 propter
697 842 821 891 virtutem
851 840 932 889 animi
957 840 1028 889 omni
1060 839 1200 891 observan-

100 925 133 971 tia
155 922 291 982 dignum,
329 918 376 966 L:
391 915 526 965 Sestium!
557 917 624 967 Nam
651 931 712 968 casu
741 921 830 969 nescio
849 931 902 980 quo
921 920 1049 978 permixta
1070 932 1124 970 non
1141 925 1204 971 sunt

105 1001 196 1049 lloratii
216 999 368 1054 carmina,
393 995 441 1044 sed
460 1001 530 1045 certo
548 997 663 1058 quodam
682 999 790 1047 consilio
810 998 939 1046 ordinata.

150 1080 181 1127 at
206 1076 290 1139 quod
322 1074 422 1124 dicunt
452 1087 468 1123 a
496 1075 602 1137 Virgilio
633 1089 770 1139 nunquam
800 1077 950 1130 laudatum,
983 1090 1016 1128 ne
1044 1089 1203 1128 commemo·

111 1164 182 1207 ratam
209 1154 335 1219 quidem
369 1167 428 1204 esse
458 1154 609 1214 Horatium,
639 1158 710 1206 hunc
739 1162 827 1208 autem
851 1157 902 1206 laoc
927 1159 1041 1207 carmine
1072 1171 1202 1221 nusquam

119 1241 249 1299 significare
265 1236 410 1296 poeticam
423 1236 500 1283 amici
514 1234 677 1295 facultatem,
697 1235 724 1284 id
736 1249 798 1286 vcro
812 1235 982 1295 perfacilem,
996 1238 1109 1296 opinor,
1123 1237 1203 1288 babet

123 1318 326 1376 explicationem.
366 1313 427 1363 Non
440 1317 527 1375 potuit
544 1314 667 1376 Virgilius
685 1316 713 1362 ln
732 1313 862 1363 Bucolicis
882 1316 1041 1373 nominare,
1061 1319 1091 1363 ut
1108 1315 1204 1364 Pollio-

121 1409 183 1455 nem,
213 1400 247 1445 ut
277 1393 439 1442 Cornelium
468 1392 585 1452 Gallum,
622 1394 760 1443 lloratlum
789 1396 931 1443 etiamtunc
964 1393 1090 1444 Romanis
1119 1406 1203 1456 propa

117 1479 244 1538 ignotum,
268 1475 375 1545 ‚minus
400 1475 478 1522 etlam
505 1475 531 1521 in
557 1473 690 1536 Georgicis
710 1479 736 1523 et
755 1476 781 1523 in
803 1473 942 1532 Aeneld03
974 1476 1061 1535 potuit
1079 1473 1205 1524 Horatius

113 1561 196 1616 arguta
214 1551 341 1615 quadam
364 1550 502 1611 blandina,
521 1564 572 1600 non
591 1552 683 1602 humili
702 1553 853 1603 adulatione
872 1565 944 1613 usus,
966 1558 1099 1616 tamquam
1112 1556 1204 1613 poetas

113 1634 213 1684 laudare
232 1632 410 1688 Pollionem,
441 1629 528 1679 lulum
546 1630 708 1691 Antonium,
738 1635 816 1682 etiam
835 1634 945 1683 Varium
963 1633 1093 1682 suum'ad
1111 1633 1204 1696 Agrip·

113 1728 171 1775 pam
187 1712 334 1767 scribens;
366 1711 453 1769 potuit
480 1709 614 1760 Tibullum
641 1712 669 1761 in
694 1712 810 1772 Epistola
833 1711 923 1763 Cassio
941 1711 1077 1761 Parmensi
1096 1718 1205 1772 antepo-

112 1807 190 1852 aare,
208 1797 237 1841 in
263 1791 355 1841 Satira
378 1789 487 1852 Virgilio
508 1791 557 1850 ipsi
573 1804 604 1841 ex
626 1792 704 1840 animi
732 1794 862 1841 sententia
886 1790 1001 1841 tribuere
1023 1792 1099 1840 motta
1123 1795 1205 1854 atqua

110 1874 221 1935 foemora
231 1884 322 1935 genus
331 1869 481 1925 scribendi3
492 1870 538 1919 sed
548 1872 655 1919 intimae
666 1868 797 1920 amicitiae
808 1873 864 1931 ipse
875 1870 961 1931 pudor
973 1876 999 1920 et
1008 1873 1085 1920 lusita
1097 1875 1204 1934 utrique

110 1953 244 2002 urbanitas
269 1955 355 2011 atque
383 1949 514 1997 modestia
542 1948 658 1998 Athenas
677 1950 852 2009 proficiscenti
871 1952 955 1998 amico
975 1949 1040 1998 iilud
1059 1952 1136 1999 nlmls
1154 1950 1206 1999 ull·

110 2046 161 2093 que
181 2034 374 2095 exaggeratum
393 2028 486 2077 Nescio
505 2029 566 2088 quid
583 2030 669 2078 moins
687 2030 809 2077 noscitur
829 2029 934 2077 itiodsi
969 2029 1112 2079 acclamare
1132 2041 1206 2089 pror·

109 2125 151 2161 sus
172 2111 289 2162 vetabat.
342 2106 417 2168 Quid
445 2109 526 2169 igliur
549 2106 631 2158 leclt‘l
658 2106 842 2156 Amantissime
862 2119 922 2155 cum
944 2107 1051 2173 Virgilio
1070 2122 1118 2157 suo
1137 2113 1208 2157 tran·

109 2190 216 2251 quiliam
233 2202 266 2239 ac
285 2186 420 2250 periculis
439 2185 549 2234 liberam
572 2188 687 2247 optasset
705 2188 899 2248 navigationem
929 2212 959 2220 —
988 2199 1041 2248 qua
1059 2188 1086 2235 ln
1106 2200 1133 2235 re
1151 2185 1207 2236 sola

110 2273 188 2318 totius
206 2269 338 2319 carminis
360 2267 478 2317 vertitur
496 2265 574 2314 cardo
594 2290 637 2324 —‚
664 2270 769 2315 socums
790 2264 919 2314 Graecum
938 2265 1056 2326 aliquod
1076 2266 1103 2313 nl
1121 2263 1206 2323 fallor,

111 2350 238 2411 exemplar
255 2346 386 2397 nondum
407 2345 520 2393 Latinae
539 2347 610 2404 po'a'sl
630 2332 855 2395 accommodatum
881 2346 908 2393 in
938 2344 995 2394 illas
1014 2346 1091 2405 primi
1109 2349 1206 2393 nautae

109 2431 240 2492 omnisque
260 2425 428 2476 mortalium
449 2425 604 2473 temeritatis
617 2427 834 2484 exsecrationem,
854 2425 935 2489 lyrico
953 2426 1054 2484 impetu
1070 2423 1205 2483 abreptus,

11 2542 16 2561 .
108 2506 181 2558 buius
197 2514 291 2558 tamen
313 2506 436 2555 affectus
455 2515 561 2562 semper
578 2496 605 2552 'et
622 2517 740 2553 summas
758 2504 850 2554 artilex
868 2509 895 2555 et
912 2504 962 2553 sibl
981 2507 1208 2555 constans-rector

11 2570 16 2583 ¹
104 2591 236 2650 prorupit3
268 2598 369 2649 eoque
390 2583 478 2644 magis
496 2583 523 2630 ln
542 2584 619 2631 maris
632 2583 756 2643 periculis
770 2588 796 2631 ct
809 2583 990 2634 describendis
1007 2589 1033 2633 et
1046 2582 1208 2633 detestandis

101 2669 248 2720 immoratus
269 2671 335 2723 est,
361 2659 442 2723 quod
463 2659 496 2709 de
516 2662 618 2721 amico,
638 2674 718 2723 quem
737 2673 873 2725 nunquam
898 2668 988 2724 postea
1006 2662 1091 2722 vidit,
1110 2664 1132 2711 sl
1151 2672 1207 2711 non

96 2751 258 2813 aegrotanti,
296 2749 329 2795 at
350 2741 456 2791 saltem
475 2739 573 2790 viribus
589 2743 643 2793 lam
662 2741 807 2791 imminutis
834 2741 968 2804 languenti
994 2741 1112 2793 timebat·
1141 2735 1205 2802 (Cir.

96 2828 180 2881 bonati
200 2829 236 2881 V.
260 2823 373 2889 virgil.
398 2815 461 2881 13·)
513 2849 516 2854 ·

433 3068 900 3147 excunsnsam

508 3182 552 3238 aa
572 3183 628 3240 oa.
650 3185 702 3240 ιιι.
729 3203 756 3240 v.
779 3186 824 3242 ra.

126 3315 299 3383 Quietem
335 3299 450 3359 mulir]
478 3298 545 3349 Cum
572 3313 677 3361 semper
695 3305 877 3363 reperiantur,
907 3307 951 3366 qui
971 3307 998 3353 ln
1017 3304 1207 3365 simplicissimo

90 3400 127 3449 laq
154 3397 300 3459 ἐπιθέτῳ
342 3383 508 3436 haereant,
550 3381 773 3441 quemadmodum
809 3382 949 3432 Paldamus
981 3397 1067 3444 nuper
1102 3385 1207 3434 inuictis

91 3482 210 3537 amacii,
245 3467 393 3534 agedum
428 3455 557 3506 addamus
583 3465 635 3508 tres
663 3459 734 3510 locos
753 3461 785 3510 de
804 3460 914 3510 lacrimis
933 3460 966 3511 ab
985 3464 1099 3524 antiquis
1118 3464 1206 3524 copio-

92 3560 147 3619 s'ms,
174 3562 205 3607 ut
225 3551 387 3606 videtur,
428 3548 510 3597 quam
535 3537 642 3586 anobis
662 3539 761 3588 effundi
780 3540 881 3589 solitis:
910 3541 1004 3601 Eurlp.
1024 3541 1118 3591 Helen.
1133 3542 1205 3605 ‚9502

94 3637 179 3689 Koirm
197 3635 377 3699 λέγουσιν
404 3609 450 3678 ὦς
473 3613 546 3684 πρὸς
568 3610 676 3687 οἱνδρὸς
693 3612 833 3682 εὐγενοῦς
848 3615 898 3668 Ἐν
914 3612 1097 3690 ξυμφοραῖσι
1114 3620 1206 3693 δάκρυ

95 3711 129 3766 021»
154 3702 353 3779 danaim&
380 3693 507 3762 βαλεῖν.
545 3693 640 3745 Caesar
664 3695 695 3743 B.
721 3696 752 3745 G.
780 3697 806 3755 1,
826 3696 869 3744 39.
895 3696 928 3745 de
947 3686 1000 3745 s'sris
1019 3699 1145 3751 militibus
1164 3717 1207 3752 ru·

95 3808 164 3857 nare,
193 3803 292 3858 quem
319 3783 364 3833 de
388 3772 549 3826 incredibili
568 3773 759 3825 Germanorum
778 3779 872 3827 virtute
897 3784 1070 3838 acceperant,
1102 3784 1207 3841 penitus

97 3873 307 3935 perterrefactis:
335 3851 486 3909 nonnulli
502 3852 602 3912 pudore
623 3854 733 3905 adducti
743 3891 750 3914 ‚
779 3861 809 3931 ut
829 3857 930 3903 timoris
947 3859 1121 3918 suspicionem
1138 3862 1207 3910 vitu·

97 3961 151 4019 aaa,
175 3943 413 4006 rmnauabantr
444 3929 475 3978 hi
502 3944 583 3994 troque
605 3933 705 3981 vobem
722 3934 819 3998 prspere
838 3947 919 3997 neque
935 3937 1069 3986 interdum
1085 3939 1210 3990 lacrimas

97 4040 160 4089 taus
171 4031 344 4101 poterant.
366 4056 369 4061 .
398 4009 490 4063 Ovld·
509 4009 577 4060 Fast.
597 4011 629 4072 3,
657 4011 730 4062 396:
763 4013 887 4061 luctetur
904 4016 1017 4064 tumidos
1040 4017 1112 4065 exsut
1130 4018 1208 4068 Pisae

98 4118 148 4169 qiam
160 4131 209 4181 pgr
229 4109 367 4165 undas,
394 4088 577 4152 Humldsstiuc
596 4094 715 4154 opposita
735 4092 836 4140 luminu
854 4097 920 4143 etate
938 4097 1012 4157 thia.

563 4218 780 4229 —-—-...—..-.--

124 4277 180 4315 fleur
206 4286 250 4312 vor.
280 4267 297 4304 Ι.
343 4269 377 4295 aaa
412 4258 459 4285 aar
487 4241 509 4279 ΙΙ,
1020 4247 1039 4304 3
