2930 4810
569 341 717 398 noemi
737 339 924 395 ainaihun

421 510 501 578 Cum
520 507 635 598 fracia
656 505 766 571 vuius
781 505 822 569 ci
844 503 993 567 minaces

465 629 579 717 Turpe
601 628 708 694 seium
729 627 876 714 tetigere
900 624 1020 688 mento.

265 824 309 873 ia.
331 817 435 882 Tarpei
452 815 539 865 οιίνα
556 824 616 862 cum
635 810 684 861 Ge.
705 810 827 861 Fabricio
845 809 878 860 Ca
896 815 924 860 ci
941 809 1088 861 Bandeius.

212 990 306 1048 iraque
324 983 406 1046 λονγο
424 980 496 1029 deae.
528 1003 558 1012 -
587 989 643 1024 νον
661 970 734 1035 bene]
773 970 899 1023 ιιονοιῖκ
914 970 1032 1033 ἐθέλων,
1052 968 1297 1039 Ᾰιῖτόςδ’ἐξέφυ-

215 1078 283 1116 (mon
294 1064 432 1113 honeste.»
447 1084 477 1093 -
489 1055 619 1119 parmula
630 1056 737 1116 proprie
774 1068 828 1119 γον
837 1050 970 1104 θανάτου
989 1051 1081 1114 τέλος·
1100 1048 1296 1120 α’σιιίςὲκείνη

214 1143 388 1208 gladiatorum
408 1149 518 1200 parvum
538 1141 653 1185 scutum.
678 1134 737 1183 Hoc
775 1129 912 1204 Ἐρρέτω·
943 1127 1061 1195 ἐξαῦτις
1082 1130 1233 1198 κτήσομαι
1259 1129 1298 1184 ου’

215 1233 324 1284 quoque
336 1232 405 1279 voc,
426 1216 498 1279 quod
520 1219 602 1264 iotam
620 1226 676 1263 rem
695 1224 740 1262 ex·
774 1213 880 1262 κακίω.
905 1211 1001 1262 Critias
1019 1212 1090 1274 apud
1108 1213 1249 1264 hciianum
1265 1213 1296 1263 V.

211 1306 322 1359 ,ianuam
344 1299 377 1348 de
397 1297 526 1346 industria
547 1293 680 1346 deiectum
703 1293 739 1343 vi·
777 1291 812 1340 il.
833 1292 878 1349 10,
898 1290 942 1340 13.
962 1292 1045 1343 muita
1064 1292 1216 1344 Archiiochi
1236 1296 1298 1344 vitia

216 1366 304 1431 detur.
336 1377 393 1426 lam
412 1389 444 1426 ex
468 1375 601 1423 communi
630 1371 739 1433 quidem
778 1386 808 1422 cr
827 1373 910 1432 ipsius
930 1371 1066 1423 dumtaxat
1078 1376 1208 1433 poematis
1224 1377 1300 1424 inno-

215 1461 386 1520 antiquorum
402 1454 527 1514 opinione
544 1454 611 1501 scuii
625 1450 740 1499 abiectio
778 1453 860 1509 inisse
876 1453 996 1505 miratur,
1017 1455 1044 1502 in
1064 1453 1116 1512 his,
1134 1448 1300 1519 ὅτιλιίγνος

217 1548 336 1587 summae
364 1539 421 1584 erat
439 1533 599 1594 ignominiae
628 1541 739 1590 eamque
777 1531 827 1580 καί
846 1524 989 1600 ὑβριστὴς
1006 1531 1056 1580 καὶ
1076 1527 1110 1581 τὸ
1128 1526 1173 1583 ἔτι
1186 1528 1300 1582 τούτων

217 1619 287 1667 inter
313 1615 353 1663 sui
372 1611 454 1663 secuii
485 1623 573 1660 morea
602 1612 741 1670 corruptos
778 1605 944 1670 αἴσχιστον,
965 1602 1011 1659 ὅτι
1030 1606 1087 1674 γὴν,
1103 1605 1215 1663 α’σιιίδα
1232 1607 1301 1662 aiud-

217 1698 347 1745 memorat
360 1694 439 1741 eiiam
457 1689 567 1739 Plautus
584 1688 658 1736 Trin.
671 1686 699 1746 4,
712 1685 740 1744 4,
777 1686 877 1749 βαλεν.
891 1687 959 1738 liam
967 1686 1107 1743 Anacreon
1117 1691 1150 1743 de
1159 1703 1186 1740 se
1196 1691 1299 1753 Fragm.

217 1754 272 1825 Ἧι
297 1770 377 1823 Scuta
395 1770 481 1818 iacere
502 1765 642 1831 ίνγινοσιιι
660 1766 743 1814 hostis
779 1765 823 1814 26.
844 1766 945 1831 Bergk:
977 1762 1093 1819 Ἀσπίδα
1111 1763 1178 1839 ῥῖψ’
1198 1766 1229 1831 ἐς
1246 1782 1302 1821 νιο-

217 1862 291 1902 more
303 1849 398 1898 haheat
407 1847 551 1896 licentiam.
570 1847 743 1896 Verumcum
780 1845 877 1910 ταμοῠ
897 1844 1058 1913 καλλιρόου
1076 1845 1219 1918 προχοάς.
1257 1847 1303 1898 ΑΙ-

220 1933 289 1980 intar
308 1929 447 1988 primarios
470 1924 630 1976 Graecorum
651 1929 743 1987 poetas
781 1938 860 1976 cacus
879 1924 1045 1979 Schneidew.
1077 1940 1136 1990 pag.
1162 1928 1231 1978 271:
1250 1924 1303 1980 Ἀλ-

219 2015 283 2069 ues,
307 2005 493 2064 Archilochus,
518 2003 649 2063 Alcaeus,
673 2002 744 2053 Ana·
781 2009 866 2067 ναῑος
878 2003 957 2067 σῶος
968 1999 1054 2076 Ἄρει,
1066 2000 1172 2059 ”Enseu
1185 2007 1209 2058 δ’
1222 2004 1301 2066 οὐκί,

219 2100 319 2146 creon,
350 2086 421 2135 idem
452 2084 485 2135 de
505 2097 533 2136 se
558 2083 599 2135 vei
629 2082 744 2135 coniessi
782 2080 818 2136 τοί
837 2083 869 2134 οἱ
885 2079 919 2133 τὸ
939 2077 1097 2152 ἁλίκροιον
1123 2085 1154 2149 ἐς
1169 2086 1304 2139 Γλαυκω-

220 2170 308 2223 esseni
337 2165 379 2215 vei
412 2166 492 2214 etiam
533 2162 743 2227 praedicassent,
781 2160 840 2213 ιιοῦ
853 2152 930 2231 Ἶρον
948 2160 1155 2233 α’νέκρεμασαν
1172 2163 1303 2225 Ἀττικοί.

220 2244 291 2297 idem
302 2244 429 2295 Horacius
445 2242 659 2303 reprehensionis
672 2254 746 2302 pror·
783 2240 884 2291 Herod.
905 2241 937 2299 5,
957 2241 1010 2291 95:
1039 2236 1166 2307 Ἀλκαῖος
1184 2239 1202 2295 ὁ
1222 2259 1305 2311 ποιη-

219 2338 264 2377 sua
284 2336 392 2374 securus
418 2322 451 2372 de
471 2335 498 2372 se
518 2321 606 2373 dicere
631 2324 745 2383 poterat,
784 2321 836 2386 τῆς
855 2319 1009 2385 συμβολῆς
1021 2324 1183 2388 γενομένης
1195 2325 1246 2375 καλ
1266 2341 1306 2375 νι·

221 2409 247 2455 ei
274 2401 383 2465 quidem
410 2413 465 2449 non
496 2402 553 2451 sine
579 2400 746 2451 iesiivissima
783 2396 1134 2467 νιίνιωνιῶνλίῧηναίων
1145 2399 1239 2466 αὐτὸς
1250 2403 1306 2469 μὲν

213 2485 249 2543 ,in
268 2486 352 2533 semet
377 2482 465 2539 ipsum
495 2479 647 2549 εἰρωνείᾳ,
678 2490 747 2539 quae
784 2478 903 2545 φεύγων
916 2477 1067 2545 ἐκφεύγει,
1089 2479 1125 2533 τοὶ
1138 2482 1170 2534 dc'
1186 2484 1218 2533 οί
1228 2479 1307 2537 daia

222 2565 294 2623 grata
322 2558 444 2609 accidere
476 2555 590 2609 debebat
618 2558 748 2618 imprimis
784 2555 905 2619 ἴσχουσι
918 2553 1065 2623 Ἀθηναῖοι
1078 2562 1130 2612 καί
1150 2578 1230 2626 σφεα
1242 2559 1306 2616 α’νε·

221 2638 366 2698 Pompeio,
392 2639 438 2699 qui
460 2635 561 2686 diutius
581 2638 608 2685 in
628 2636 747 2698 pariihus
783 2639 940 2704 κρέμασαν
955 2634 1031 2708 πρὸς
1048 2637 1082 2688 τὸ
1102 2635 1252 2706 Ἀθήναιον
1270 2640 1305 2695 τὸ

222 2717 392 2778 Pompeianis
411 2721 612 2777 perseverarat,
645 2719 700 2769 sive
719 2729 747 2765 re
784 2713 816 2764 ἐν
834 2715 948 2782 Σιγείῳ·
967 2715 1063 2767 ταῦτα
1077 2716 1110 2769 dd
1129 2714 1257 2784 Ἀλκαίος
1274 2720 1307 2772 ἐν

222 2808 283 2849 vera
304 2800 383 2856 pocta
401 2807 520 2855 parmam
539 2797 662 2856 proiecit,
681 2798 747 2854 sive,
784 2792 870 2858 μέλεϊ
880 2790 1009 2859 ποιήσας
1026 2793 1203 2862 εἰιιιιὲνεϊείς
1217 2801 1308 2853 Mate·

223 2879 253 2925 ui
272 2875 360 2935 pocius
379 2886 439 2922 reor
452 2885 511 2922 cum
524 2874 647 2924 lacobsio
661 2874 746 2923 Lecti.
785 2869 899 2937 λήνην,
918 2868 1166 2940 ἐξαγγελλόμενος
1182 2876 1218 2929 τὸ
1236 2878 1307 2932 ἑων-

224 2952 293 3001 Van.
306 2952 347 3001 15.
371 2964 397 3012 p.
412 2950 486 3011 326„
505 2954 590 3016 imago
614 2952 749 3001 dumtaxat
785 2948 839 3000 τοῦ
876 2948 971 3013 πάθος
1007 2953 1184 3023 Μεναλίιιιιῳ
1222 2952 1309 3029 α’νιλρλ

225 3033 328 3093 poetica
339 3030 432 3081 coieris
443 3031 513 3083 iiiius
528 3031 603 3094 iugae
615 3037 747 3093 asiaeque
785 3026 901 3100 ἑταίρῳ.
920 3028 1000 3092 Apud
1019 3032 1171 3087 thkerum
1191 3041 1308 3098 reperies

224 3123 254 3163 ac
266 3110 394 3161 Mercurii
415 3110 553 3161 auxilium.
573 3111 658 3163 Nemo
678 3111 747 3160 enim
787 3121 964 3171 quaecunque
996 3110 1028 3162 de
1059 3120 1226 3168 controverso
1257 3118 1308 3168 hoc

223 3191 380 3252 praesertim
401 3192 471 3244 inier
497 3204 558 3251 eos,
579 3194 624 3253 qni
643 3193 747 3251 podiam
786 3189 843 3238 ioco
862 3187 949 3238 adhuc
968 3190 1038 3242 dicia
1057 3199 1135 3255 suni,
1157 3198 1220 3247 satia
1239 3198 1308 3250 hene

225 3272 331 3330 penitus
343 3275 462 3329 nossent,
476 3268 582 3330 ‚idcirco
602 3283 664 3321 eum
680 3269 749 3320 vitu·
786 3271 905 3329 exposita
923 3282 954 3319 ac
972 3270 1128 3323 diiudicata.

226 3354 368 3412 peracutus
390 3354 456 3407 erat,
478 3348 550 3410 quod
572 3362 603 3399 eo
617 3353 748 3410 tempore,

227 3440 291 3491 quo,
307 3426 420 3481 Caesare
435 3429 490 3478 iam
501 3430 631 3493 principe,
643 3440 749 3489 prorsus
821 3428 865 3477 11.
883 3418 974 3492 fracta
990 3429 1087 3496 virtus]
1107 3433 1164 3484 Cic.
1183 3436 1217 3489 ad
1234 3436 1308 3489 Fam.

228 3518 372 3567 oppressae
391 3511 469 3558 erani
486 3514 573 3568 paries
593 3506 692 3557 iiherae
711 3508 749 3556 rei
786 3508 819 3566 7,
835 3506 867 3567 3,
885 3506 917 3556 3:
938 3522 985 3558 aec
1000 3515 1112 3573 putavi,
1133 3528 1194 3564 cum
1211 3518 1311 3579 intenae·

227 3583 368 3645 publicae,
399 3599 428 3636 se
447 3599 555 3651 quoque
575 3599 635 3637 cum
654 3588 750 3635 ceieris
783 3599 865 3648 parea
882 3587 1099 3653 occidissemus,
1118 3593 1221 3655 fractos
1235 3608 1311 3657 aupa-

228 3660 361 3712 devicium
380 3676 438 3719 asse
464 3667 573 3717 minime
602 3663 750 3716 dissimula·
787 3667 873 3715 riores
890 3666 956 3729 fora.
976 3669 1180 3725 Memorneiuii
1201 3675 1310 3729 ulamau

228 3743 277 3788 rei.
316 3739 458 3803 Exempla,
484 3758 553 3806 quae
571 3748 679 3794 secutus
700 3749 749 3803 esi,
788 3746 863 3797 Bruii
892 3751 977 3798 vocis:
1005 3743 1039 3803 Ὦ
1064 3751 1178 3817 τλῆμον
1207 3749 1309 3827 αἱρετή,

227 3816 382 3867 haecsuni:
410 3818 585 3875 Archilochus
604 3823 680 3885 Eieg.
705 3823 748 3871 Fr.
788 3821 878 3890 λόγος
904 3818 951 3896 ἆρ’
973 3821 1057 3894 ἦσθ’·
1087 3827 1146 3898 ἐγώ
1165 3830 1198 3883 δέ
1215 3828 1311 3897 σεὩς

227 3893 272 3942 51.
292 3894 368 3945 Lieh.
399 3897 566 3952 Schneidew.
595 3914 654 3965 pag.
676 3901 748 3952 173:
787 3896 877 3970 ἔργον
904 3898 1028 3970 ἤσκουν.
1049 3910 1114 3958 —i
1145 3907 1211 3973 (iiio
1235 3912 1309 3967 Ceae.

227 3964 333 4023 Ἀσπίδι
349 3975 405 4039 μὲν
422 3978 520 4029 Σαίων
543 3975 683 4043 (Thraciae
702 3994 750 4043 po·
787 3981 839 4040 47,
859 3979 916 4047 49.)
936 4009 967 4019 -
995 3986 1121 4052 minaces]
1150 3994 1309 4053 unianimis

228 4046 306 4108 auius
320 4048 368 4115 est)
382 4069 424 4117 τις
433 4051 601 4123 α’γιίλλειαι,
620 4054 750 4132 ἦνπαρὰ
788 4063 852 4110 certi
862 4061 1111 4119 iueranivicioriae.
1122 4069 1163 4122 De
1180 4072 1252 4123 voitu
1261 4075 1311 4122 mi-

227 4121 445 4196 θάμνφἝντος
464 4129 628 4201 ἀμώμητον
655 4137 750 4191 κάλλι-
787 4144 846 4193 naci
866 4145 945 4195 eiiam
976 4152 1193 4211 prostratorum,
1212 4156 1242 4203 uc
1259 4151 1311 4202 mn
