2956 4812
218 352 300 425 432
581 358 730 410 uonnun
750 359 938 413 cnunrnmt

344 514 510 600 Princeps
532 519 566 583 et
587 517 756 584 innantem
777 517 931 586 Maricae

386 639 557 706 Litoribus
579 642 729 706 tenuiore
750 641 851 706 Lirim

300 798 386 863 Lete
407 799 587 884 tyrannus:
601 829 644 843 -
665 816 743 864 crae
764 799 854 867 foliis
878 819 994 866 nemus
1100 817 1106 823 ‘
1202 812 1205 817 ’

300 918 421 985 Multis
442 922 477 985 et
498 920 578 1004 alge
599 919 679 1027 iiius
701 921 811 988 inutiti

342 1038 495 1107 Demisere
515 1043 700 1125 tempestas
720 1043 764 1160 at)
791 1043 882 1111 Eiuro

179 1300 182 1306 .
267 1255 294 1306 8.
315 1255 392 1305 Lirin
412 1255 453 1306 Gt.

213 1461 267 1512 que
287 1448 337 1499 ioci
356 1452 469 1499 tensum*
482 1449 613 1500 traderet:
644 1462 658 1493 «
669 1463 683 1493 r
695 1448 735 1499 st·
773 1465 805 1503 ea
823 1453 926 1512 piacidc
951 1450 1057 1524 pertinit
1072 1450 1151 1513 Liris,
1171 1454 1257 1505 donec
1268 1457 1296 1504 in

211 1528 321 1591 quidem
340 1520 440 1588 priores
461 1528 568 1585 Lemiee
589 1541 734 1591 eorumque
773 1544 844 1583 mere
866 1539 970 1584 exeat.»
998 1533 1137 1584 Claudian.
1157 1535 1190 1584 de
1214 1535 1295 1585 Proh.

212 1612 358 1669 repetere
378 1607 548 1659 Lemorecte
571 1607 733 1659 denominati
772 1616 799 1661 ct
819 1612 910 1676 Olybr.
937 1613 1017 1663 Cous.
1033 1612 1119 1663 '2592
1159 1615 1297 1664 Eridanus

212 1692 290 1745 tunt,
319 1690 348 1734 tu
374 1685 449 1738 ducit
481 1689 610 1750 originem
638 1686 671 1736 ab
701 1700 733 1736 eo
770 1691 909 1757 flavaeque
927 1697 1013 1742 terem
1031 1698 1156 1755 quarceto
1174 1693 1297 1743 Maricae

211 1766 301 1829 qnia»
321 1768 387 1813 cet..
405 1763 458 1814 Sed
478 1767 504 1815 in
524 1766 574 1816 hec
590 1766 733 1818 verborum
771 1773 851 1825 Liris,
873 1773 917 1822 ubi
930 1777 1013 1833 prima
1026 1774 1124 1836 synam
1141 1776 1293 1835 corripitur.

210 1845 332 1894 iuncturi
348 1856 402 1893 ¹¹01¹
420 1856 498 1904 1³0⁸⁸0
522 1858 684 1906 memmei!
703 1852 733 1894 tu
769 1851 828 1902 Non
850 1857 938 1902 temen
959 1861 1068 1913 propter
1089 1855 1157 1905 hauc
1176 1856 1294 1906 Maricae

211 1924 307 1982 omitti,
326 1912 429 1972 suamet
442 1925 498 1984 ipse
514 1927 732 1985 interpretatione
770 1937 798 1980 et
815 1933 883 1982 Liris
904 1937 1084 1994 mentionem,
1118 1948 1186 1996 quae
1217 1948 1295 1985 orna·

210 2004 250 2052 vir
269 2002 435 2052 doctissimus
462 2003 638 2055 decteravii.»
677 2005 733 2053 Etsi
770 2017 859 2062 mento
879 2014 1061 2062 tantummodo
1079 2016 1197 2072 inservit,
1219 2017 1294 2064 cuiun

209 2083 236 2128 in
256 2081 299 2132 iiia
323 2094 433 2144 quoque
451 2085 671 2144 interpretatione
690 2095 732 2134 ac·
770 2102 822 2151 ope
844 2098 916 2153 grata
946 2096 1149 2143 amoenissimae
1179 2097 1293 2156 regionis

210 2161 347 2222 quiescere
379 2172 549 2227 nequaquem
579 2174 731 2224 possumus,
769 2164 872 2222 species
893 2161 1045 2213 nobisante
1065 2164 1293 2224 oeulosponatur,

210 2239 292 2289 nihiio
323 2244 412 2290 minut
441 2241 490 2291 hec
526 2243 731 2303 reprehensione
768 2242 992 2294 stetuendumest
1009 2257 1069 2294 cum
1085 2244 1294 2304 nonnullique-

209 2318 322 2371 reiutote
341 2334 395 2371 non
418 2329 475 2378 est,
495 2333 556 2370 uam
575 2323 732 2381 pronomina
770 2323 894 2372 miamin
914 2333 960 2372 ara
983 2321 1143 2384 Campaniae
1164 2331 1228 2374 tune
1247 2326 1293 2377 de-

209 2401 385 2469 oppoaitionis
404 2402 431 2449 in
450 2412 528 2460 prosa
547 2403 666 2449 cretione
686 2413 732 2450 ne·
768 2403 837 2463 gisse
855 2402 1025 2465 suaviterque
1051 2407 1205 2454 rusticetnm
1223 2419 1291 2464 esee,

209 2482 322 2529 cessaria
346 2481 466 2540 apoetis
494 2481 628 2529 interdum
655 2481 732 2528 omit·
769 2483 949 2539 minutctiam
964 2483 1105 2533 Horatium
1120 2487 1292 2546 tecitcsigut·

209 2562 311 2607 tuntur.
350 2557 404 2607 Cir.
424 2557 476 2607 0d.
498 2552 730 2620 e‚17‚30:(ru)
769 2561 848 2611 iicere
863 2574 899 2625 'sc
923 2564 1058 2613 convivam
1083 2575 1098 2612 e
1120 2564 1210 2614 Lamia
1234 2575 1292 2614 crat

206 2635 316 2686 reddere
333 2638 477 2686 victimar-
492 2642 658 2686 memento:
678 2635 732 2685 ivm
769 2640 889 2690 adhiberi
918 2641 996 2692 veile.
1037 2642 1139 2693 Beitunr
1171 2643 1290 2704 proiecto

206 2715 329 2765 humilem
344 2716 468 2780 feriemur
485 2729 594 2778 oporam.
610 2742 640 2752 -
656 2716 731 2767 uitii-
768 2719 862 2770 iuiseet
878 2722 929 2771 iter
949 2734 981 2772 ex
991 2735 1048 2787 uuo
1071 2723 1115 2772 die
1135 2725 1163 2773 iu
1177 2724 1291 2775 aiterum

207 2795 333 2847 euitetem
351 2796 457 2846 Liibker
472 2798 564 2855 movit,
579 2810 728 2868 quaerens:
767 2798 808 2849 vei
825 2812 855 2848 er
868 2797 967 2850 Sabino
986 2801 1026 2851 vai
1045 2815 1075 2852 cr
1088 2802 1158 2854 Urbe
1172 2806 1199 2853 in
1213 2802 1297 2853 Cam-¹

208 2876 366 2937 «Quomodo
378 2877 476 2940 aliquis
494 2881 582 2938 potest
602 2879 731 2941 oripincm
767 2880 872 2937 pauiam
897 2885 1005 2939 propter
1022 2893 1102 2932 uuam
1129 2883 1298 2945 coenarent

206 2960 304 3010 ducere
309 2973 359 3020 per
370 2961 476 3025 fartor?
495 2960 571 3021 Quae
586 2966 673 3012 tamen
686 2975 727 3013 tv.
766 2957 896 3008 Locorum
925 2958 1044 3019 proiecto
1075 2973 1169 3021 perum
1188 2975 1297 3015 memor.

207 3039 348 3089 maniietto
384 3040 535 3102 significant
571 3039 728 3103 «Originem
766 3036 826 3094 init,
845 3039 1289 3101 qniistamtnterprctationemex-

207 3122 305 3180 repetit
330 3133 346 3169 a
374 3119 478 3179 Lemo,
506 3132 557 3180 ope
578 3119 728 3178 Fastorum,
766 3119 899 3179 cogitavit.

207 3199 318 3263 tentibus
340 3198 454 3248 Fastis.»
480 3224 510 3233 -
537 3198 606 3247 Ptin.
627 3197 663 3259 3,
691 3198 725 3247 5.-
800 3196 827 3245 9.
848 3196 925 3264 ¹‚Lim
943 3196 1095 3262 tyrannus]
1121 3201 1287 3261 dominator,

206 3276 340 3339 Oppidum
358 3273 446 3340 (Latii)
465 3277 592 3326 Formiae
600 3276 729 3325 Hormiae
764 3271 952 3345 edpuxpoimv.
983 3276 1028 3327 Sic
1048 3277 1160 3329 Hesiod.
1185 3279 1286 3341 Theou.

207 3357 316 3415 dictum,
338 3361 370 3405 ut
389 3357 582 3415 emittimcoerc,
605 3356 729 3417 Lacrtrp-
764 3352 832 3402 tet:
847 3349 995 3426 Οὐρανίδῃ
1002 3357 1067 3424 μέγ’
1076 3351 1192 3408 ἄνακτι.
1213 3357 1287 3420 virg.

202 3450 302 3500 penum
319 3436 399 3486 seder.
765 3430 833 3482 den.
853 3434 950 3502 1·52¹³
968 3437 1099 3497 poputum
1116 3438 1170 3495 iate
1188 3448 1286 3499 rupem.

239 3517 267 3566 7.
286 3510 421 3575 Maricae]
442 3514 492 3566 dea
512 3514 596 3564 iitarit
613 3513 728 3578 Mintur·
763 3510 831 3560 Ptin.
853 3511 923 3573 Epp.
942 3511 968 3571 3,
985 3514 1016 3563 5:
1037 3514 1151 3577 Drupor,
1176 3511 1297 3567 (termo.

205 3600 338 3656 nennium,
358 3596 430 3645 iuxta
442 3586 726 3656 Lirim-(Garipticno)
763 3590 826 3639 nice
844 3590 970 3640 lattmime
987 3594 1082 3643 victor.
1114 3595 1187 3645 flacc
1206 3596 1287 3655 potis·

204 3677 325 3728 durium.
347 3673 437 3725 ⁴Serv.
469 3674 502 3723 ad
520 3670 588 3727 rien.
617 3673 652 3733 8,
679 3671 724 3721 ti.
763 3673 859 3720 simum
890 3664 1040 3742 ὑπερβολὴ
1074 3676 1155 3724 iocosi
1195 3677 1286 3725 nancto

205 3755 301 3807 Circen
318 3755 355 3803 ite
380 3748 538 3813 appellatam
568 3752 649 3802 tuisse
668 3757 727 3813 post
764 3749 828 3811 quid
850 3749 939 3800 hebet.
967 3776 998 3785 -
1023 3749 1284 3814 comminuentem]

204 3841 336 3892 mortem,
364 3836 394 3880 ut
412 3831 554 3881 Romulum
573 3832 732 3894 Quirinum„
764 3830 999 3891 «nemorisooium
1015 3840 1196 3884 consternet.»
1216 3834 1285 3885 Mire

204 3914 304 3965 Ledem
324 3912 469 3970 Nemesin,
501 3910 583 3963 reiert
602 3912 723 3961 Lactont.
763 3909 870 3970 quidem
898 3910 1032 3975 caviiietus
1060 3918 1100 3961 est
1124 3913 1283 3963 Horatium:

203 3991 303 4043 inatitt.
324 3994 350 4053 1,
371 3993 415 4041 ut.
447 3991 676 4044 Etutiucuteret
697 3993 724 4040 iu
762 3987 897 4049 «Nemus,
921 3990 1026 4051 inquit,
1053 3991 1184 4053 privatur
1203 3991 1283 4050 toltit,

204 4075 261 4132 ipae
279 4071 459 4135 Minturnenet
477 4072 592 4121 civitate.
620 4070 723 4121 «Huius
760 4080 813 4116 nou
832 4069 989 4119 eternitate.»
1010 4069 1094 4131 Quasi
1113 4072 1285 4122 vcrouonett

204 4154 284 4215 igitur
300 4134 443 4215 'nymphae
465 4150 587 4201 litoribus
612 4153 722 4212 innatet,
761 4146 787 4195 io.
810 4147 1000 4216 i.taoiiiimum
1016 4163 1137 4214 zeugma.
