2908 4796
569 337 683 388 LIBER.
729 339 836 389 GARM.
857 340 902 389 IV.

489 889 492 895 .
541 815 822 894 CARMEN
849 817 937 895 IV.

324 1022 429 1107 Lupis
451 1026 485 1087 et
507 1025 605 1109 agnis
628 1027 751 1109 quante
773 1025 894 1089 sortito
918 1025 1056 1110 obtigit,

365 1142 488 1211 'l'eeum
511 1144 587 1209 miiri
610 1143 778 1212 discordie
801 1148 871 1232 eoi,

320 1264 489 1331 Hibericis
513 1270 649 1350 peruste
671 1243 806 1332 funibus
827 1242 918 1330 latus

362 1385 408 1453 ut
430 1405 529 1453 crure
550 1387 634 1452 duro
655 1386 825 1473 compede.

248 1543 351 1594 EPOD.
371 1544 418 1593 lv.
463 1545 547 1595 inser.
575 1545 643 1608 roig.
673 1547 705 1594 ia
729 1545 846 1596 Gaurum
874 1546 1026 1607 Pompeium
1052 1544 1159 1596 Menam
1186 1545 1228 1595 vei
1249 1544 1280 1593 iu

194 1615 300 1667 ermom
319 1615 440 1665 libertum
456 1615 577 1678 Pompeii
594 1617 700 1679 Mouet.
748 1616 804 1679 Ego
828 1617 1027 1676 inscripseram:
1048 1616 1081 1667 lo
1104 1614 1209 1665 Vedium
1227 1614 1281 1663 iiu-

194 1682 258 1745 ίυυι.
296 1685 364 1736 Vide
383 1686 519 1736 dnnotatt.

229 1840 276 1891 lv.
313 1838 345 1889 lu
364 1837 450 1889 Godd.
469 1836 574 1888 ducitur
593 1836 717 1888 Bernli.
757 1852 810 1890 non
829 1842 887 1890 eine
909 1840 996 1891 iruotu
1015 1843 1157 1904 eoneuiee,
1189 1857 1220 1896 eo
1243 1845 1281 1898 ia·

195 1925 227 1970 et
243 1932 279 1972 e.,
303 1921 330 1967 in
355 1916 545 1979 Bombergensi
568 1928 621 1967 uno
634 1921 718 1978 etque
758 1919 1027 1980 cordunensem,
1046 1936 1072 1973 r.
1093 1934 1170 1984 eques
1188 1937 1213 1976 r.
1234 1924 1278 1975 15.

195 1997 317 2049 Obortiui
330 1996 362 2046 B.
382 2007 493 2058 unoque
511 1998 576 2047 item
587 1995 657 2046 Feae
677 1997 719 2048 rel
758 1998 889 2060 quadrare
911 2001 940 2048 in
962 2001 1041 2049 istum
1058 2000 1180 2063 Pompeii
1202 2003 1280 2054 iiber-

195 2076 321 2128 eoniueue
349 2082 412 2128 sunt
436 2075 506 2126 duee
535 2075 655 2127 diversae
679 2077 719 2125 iu·
758 2081 830 2136 tum,
851 2083 944 2140 utpote
963 2092 1044 2141 quem
1067 2079 1227 2131 Oetuvienus
1248 2080 1280 2132 ἐν

194 2160 351 2218 scriptiones
378 2155 501 2208 veiente
531 2155 656 2214 ulianam
685 2155 719 2204 Ve
756 2155 828 2227 τιμῇ
846 2154 960 2228 μεγάλῃ
988 2152 1082 2224 ἤγαγε
1112 2157 1281 2224 δακτυλίοις

195 2237 292 2287 excidit
310 2237 367 2287 eei:
387 2232 414 2299 1)
434 2232 717 2293 montemorenceio,
756 2250 787 2286 τε
805 2240 927 2301 χρυσοῖς
947 2233 1099 2301 ἐκόσμησε
1121 2238 1171 2288 καλ
1190 2236 1221 2301 ἐς
1244 2236 1279 2288 τὸ

193 2314 312 2379 Pompeii
332 2315 473 2373 libertem
492 2310 520 2377 6)
542 2314 649 2364 Vedium
666 2314 718 2363 tiu·
757 2312 815 2364 τῶν
846 2312 956 2364 [σιτίων
994 2315 1078 2378 τέλος
1115 2314 1277 2388 ἐσέγραψε.

193 2394 249 2457 sum
274 2408 308 2445 eo
335 2395 462 2444 aereum
492 2394 612 2443 miretur
639 2405 719 2442 caer·
755 2392 808 2442 liio
831 2392 904 2442 Caes.
921 2392 975 2454 58,
995 2393 1040 2444 15.
1077 2394 1117 2446 De
1142 2396 1280 2448 tribunatu

191 2487 270 2536 poete
289 2479 434 2537 equestrem
455 2472 615 2535 dipoitmem
637 2485 718 2536 oeque
756 2470 1122 2525 mii.verodubitarolieet.-
1137 2475 1280 2526 liiudrero

176 2554 230 2603 ud
244 2553 411 2603 tribunatum
427 2552 582 2602 militarem.
610 2552 717 2603 Mature
756 2552 870 2603 hominio
894 2565 1001 2614 pronus
1017 2555 1133 2615 imperiti
1152 2560 1207 2616 eet,
1226 2567 1279 2616 pu-

192 2643 257 2687 enne
275 2633 433 2693 interpreter
453 2632 581 2695 eogitaeee
594 2631 719 2683 videntur
756 2636 812 2683 tare
831 2631 1015 2683 huiuscemodi
1030 2647 1136 2685 eormen
1149 2637 1176 2684 in
1190 2634 1278 2685 fictura

193 2712 239 2763 aiii
258 2711 292 2763 de
309 2709 370 2789 Spe.
384 2709 465 2761 Meno
483 2707 520 2775 (id
541 2716 597 2770 eet,
618 2710 718 2762 Meno·
757 2723 897 2773 perronam
920 2714 1047 2773 seriptum
1071 2726 1129 2765 eene
1155 2719 1182 2765 ei
1200 2713 1278 2764 scribi

193 2789 275 2849 doro,
306 2794 337 2841 ut
360 2790 488 2853 Δμοίίοι,
518 2788 716 2851 Apoiiodorur,
756 2792 892 2851 potuisse,
919 2791 949 2841 id
969 2792 1042 2853 quod
1063 2805 1149 2854 nuper
1170 2793 1279 2857 quidum

193 2868 298 2922 Lucae,
330 2865 483 2932 Lueeuuu)
514 2868 576 2921 Ser.
595 2869 717 2931 Pompeii
756 2870 918 2921 contendere
936 2870 1131 2937 auouaeet.)-
1154 2868 1279 2937 (Compo-

194 2946 289 2999 iiberto
307 2945 370 3014 (06.
391 2948 417 3010 6,
438 2948 716 3003 16‚15.Connmeat.
757 2955 836 3003 situm
856 2962 915 3002 eeoe
937 2951 1044 3001 videtur
1061 2965 1086 3003 u.
1105 2967 1132 3003 u.
1158 2965 1182 3002 e.
1204 2948 1279 3015 716.)

193 3026 304 3090 Cruquii
330 3028 364 3080 ad
386 3028 413 3077 h.
438 3025 488 3092 i),
519 3029 565 3079 elii
581 3028 615 3079 de
637 3028 718 3079 Vedio
758 3059 787 3071 -
815 3030 936 3081 Similem
959 3039 1048 3082 eutem
1072 3031 1279 3094 indignationem

192 3108 310 3169 quodam
337 3109 424 3173 Rufo,
464 3108 573 3160 aliunde
609 3109 718 3172 quidem
756 3109 1278 3173 apiratdnaereontieiiiudFregm.19.

192 3187 264 3241 haud
283 3192 366 3247 notor
401 3201 493 3240 verum
513 3201 583 3252 quae
605 3200 717 3249 persona
756 3190 852 3253 Bergk.
870 3188 1055 3241 Schneidewin
1074 3189 1134 3239 Dei.
1151 3189 1196 3238 72.
1219 3200 1277 3251 pag.

194 3267 257 3331 fingi
284 3268 393 3318 omnino
412 3279 466 3317 non
497 3269 607 3327 potuit,
636 3273 717 3330 atque
756 3269 826 3319 3⁶52
846 3264 950 3340 neven
968 3266 1039 3335 δέχ’
1055 3264 1217 3339 Εὐρυπύλῃ
1229 3269 1280 3334 με·

183 3346 236 3397 ,νοΙ
254 3347 354 3399 ideireo
373 3348 462 3399 verior
480 3346 608 3407 ridetur,
637 3359 718 3409 quam
756 3349 799 3401 λει
819 3342 848 3398 Ὁ
868 3344 1069 3418 περιφόρητος
1089 3342 1229 3418 Ἀρτέμων
1246 3370 1280 3384 ·-

192 3425 222 3475 S.
247 3426 354 3477 Menas.
393 3426 427 3475 Et
448 3427 500 3477 hoc
519 3433 621 3478 rectum
640 3433 716 3488 puto,
756 3424 904 3493 Κίβδηλον
917 3420 1063 3496 εὑρίσκων
1079 3425 1159 3487 βίον·
1179 3424 1279 3476 Πολλὰ

192 3520 247 3570 quo
260 3506 339 3559 timui
349 3505 394 3557 iiie
410 3511 550 3561 amovetur
565 3506 717 3564 difficultas,
755 3507 810 3575 pto
822 3503 855 3555 ἐν
872 3501 955 3574 δουρὶ
970 3503 1061 3567 τιθείς
1073 3498 1196 3564 αὐχένα,
1212 3503 1279 3554 τισλ-

192 3585 327 3649 quomodo
360 3585 473 3647 uenae,
511 3585 563 3637 dur
594 3586 718 3636 eieeeium
756 3583 830 3637 ided’
847 3583 879 3634 ἐν
894 3580 1008 3654 τροχῷ,
1027 3579 1171 3633 Πολλὰὸὲ
1185 3580 1280 3633 νῶτον

191 3664 430 3725 Pompeianarum,
454 3677 479 3715 v.
497 3664 542 3714 66.
565 3666 653 3717 vocari
672 3675 719 3724 po·
758 3664 881 3734 σκυτίνῃ
898 3657 1023 3726 μάστιγι
1042 3658 1211 3725 θωμιχθείς,
1230 3658 1280 3711 κό-

192 3746 274 3797 tuerit
304 3744 427 3797 triduoue
465 3745 590 3794 utilitum.
629 3742 718 3806 Atque
756 3757 818 3807 μην
848 3736 982 3805 Πώγωνα
1010 3739 1034 3790 τ’
1066 3737 1278 3804 ἐκτετιλμένος·

195 3822 608 3887 Vediidatfinomenoerteneruo
620 3828 720 3874 temere
758 3818 822 3872 Νῦν
836 3818 859 3869 d’
873 3817 1019 3880 ἐπιβαίνει
1039 3820 1193 3878 σατινέων,
1211 3816 1280 3890 xpri·

193 3906 344 3967 excogitare
354 3904 454 3964 potuit,
465 3903 512 3953 eed
522 3903 721 3965 estantiqutaai·
758 3915 814 3952 σεα
824 3898 943 3969 φορέων
954 3895 1128 3967 καθέρματα
1140 3895 1216 3962 Πάίς
1225 3895 1282 3948 Κύ-

193 3994 235 4031 mn
256 3978 421 4053 παράδοσις
448 3984 594 4043 primorum
616 3981 719 4031 Horatii
760 3994 814 4044 κης
827 3979 878 4028 καί
895 3974 1071 4042 σκιαδίσκην
1089 3974 1281 4041 ἐλεφαντίνην

193 4063 379 4122 interpretum.
413 4057 528 4124 (Acriter
548 4074 610 4113 rere
627 4072 675 4121 pro
691 4059 718 4110 S.
759 4059 862 4128 φορέει
881 4051 1017 4119 sororgio
1032 4049 1138 4117 οὕτως.

191 4140 270 4193 Meae
283 4139 497 4202 pugnaturaaue
513 4154 539 4202 p,
552 4140 624 4202 116,
638 4151 720 4202 quem
795 4135 882 4186 i-t.
902 4133 985 4195 Lupia
1006 4139 1030 4183 et
1049 4130 1144 4196 opoe'e]
1167 4135 1212 4184 Est
1231 4135 1280 4183 hoc
