2950 4810
565 381 631 431 ato.
651 379 700 429 ru.
739 380 769 429 υ.
789 379 835 429 ιι.
1162 377 1238 447 361

368 539 541 624 Nunquam
565 539 710 607 humeris
731 542 902 624 positurus
924 558 1053 624 arcum,
1200 540 1242 602 66
1284 518 1286 521 ’

286 696 348 779 Qut
371 718 448 765 rore
471 720 554 784 puro
578 697 746 766 Castaliae
768 701 852 765 iavit

285 820 572 920 Crinessolutos,
595 824 649 906 qul
672 822 798 909 Lyciae
821 827 913 887 tenet

326 942 467 1008 llumeta
490 944 700 1028 natalemque
723 944 858 1024 silvam,

255 1106 261 1110 -
369 1064 486 1129 Delius
508 1067 542 1129 ei
567 1063 732 1130 Patareus
754 1065 889 1150 Apollo.

285 1223 346 1288 Vis
368 1224 487 1289 consili
511 1242 634 1307 expers
656 1225 740 1288 mole
763 1226 829 1289 ruit
851 1244 928 1311 sua3
1201 1228 1243 1290 65

285 1345 358 1409 Vim
382 1349 598 1430 temperatum
622 1343 653 1409 di
678 1364 809 1431 quoque
831 1346 1023 1431 provehunt

209 1506 253 1555 62.
292 1504 377 1554 Crinls
395 1505 422 1553 h.

122 1752 131 1763 ,
158 1694 280 1750 naturam
315 1701 382 1760 iguis
413 1699 501 1747 omnia
532 1698 683 1749 devorantis
723 1694 841 1760 -laot'tl
855 1698 1243 1764 flaclorruaaniiquiorescm-

160 1777 342 1837 rettulerunt,
375 1790 429 1840 quo
458 1778 567 1839 quidem
586 1777 683 1840 signih-
721 1788 769 1838 per
780 1777 907 1828 lloratius
926 1781 1011 1830 utitur
1023 1782 1050 1829 in
1069 1780 1165 1842 lyricis.
1187 1781 1241 1832 Cir.

160 1863 221 1908 catu
239 1857 291 1906 hoc
309 1855 444 1907 antheros
463 1857 489 1906 h.
510 1857 526 1904 i.
555 1859 683 1908 otiosissi·
721 1857 772 1907 06.
784 1857 812 1917 l,
823 1857 850 1917 6,
863 1858 907 1909 aii.
927 1885 955 1894 -
975 1856 1083 1923 Lycios]
1103 1875 1243 1925 quaereas

159 1950 231 1988 mum
260 1935 337 1986 lorct.
372 1960 402 1970 -
433 1934 573 1999 matrona]
603 1936 681 1988 Ouid.
719 1949 784 1989 sanc
808 1944 864 1988 erat
891 1941 975 1999 patria
998 1939 1129 2004 sedesque
1157 1943 1244 1994 cultus

157 2018 229 2067 iaso.
249 2015 276 2074 6,
297 2014 341 2064 66.
361 2015 446 2064 luno:
466 2017 541 2065 (licor
557 2022 683 2065 matrona
720 2015 860 2077 Apollinis,
879 2018 946 2067 lueis
962 2017 1015 2077 del,
1040 2025 1070 2068 ut
1090 2022 1160 2071 luter
1178 2021 1243 2072 alios

160 2097 297 2145 Tonantis.
721 2094 909 2147 demonstrarit
940 2096 1084 2147 Grotalend
1112 2100 1140 2149 in
1171 2099 1243 2149 ,ictis

192 2176 238 2224 66.
255 2176 396 2235 positurus
414 2173 517 2237 aream]
541 2179 603 2239 aqui
620 2188 682 2227 eum
720 2172 848 2238 Philolog.
871 2175 1008 2226 Bonnens.
1028 2175 1107 2225 itti.

157 2265 298 2317 nunquam
319 2266 418 2315 ponere
434 2255 511 2313 solet,
531 2256 681 2316 semperad
755 2253 798 2303 66.
819 2255 987 2317 natalemque
1004 2253 1110 2318 alvum]
1130 2258 1159 2306 in
1177 2255 1244 2321 Cyn·

159 2334 338 2399 sagittandum
358 2339 495 2395 paratus.»
536 2335 630 2397 Apollo
647 2334 682 2383 tle
722 2335 784 2394 tho,
808 2334 867 2385 lleli
891 2342 990 2387 monta.
1029 2336 1130 2386 Statius
1155 2336 1241 2387 Theb.

158 2428 223 2468 arcu
254 2427 299 2464 suo
330 2415 401 2475 apud
430 2415 523 2477 Eurip.
550 2414 607 2464 illc.
628 2413 681 2464 te:
721 2412 832 2473 2606:
853 2413 1076 2476 Phochcparsm,
1095 2415 1244 2476 cantetq-

158 2494 291 2561 Eovqheg
325 2490 371 2544 ἀεὶ
401 2493 497 2546 ταῦτα
525 2492 683 2558 βαστάζειν
721 2494 778 2544 clas
790 2494 908 2543 Patarea
929 2495 1030 2544 niuosis
1050 2495 1181 2544 Easrcsut
1196 2495 1243 2543 du·

158 2575 236 2641 ἐμοὶ.
252 2573 330 2623 Plntl.
341 2572 418 2636 Pyth·
428 2574 455 2633 8,
467 2574 517 2623 17:
538 2568 682 2637 (Gigantes)
720 2579 791 2623 meta
809 2574 881 2636 lupia
898 2585 943 2623 seu
959 2586 1020 2625 rora
1033 2575 1134 2637 pudico
1152 2575 1245 2625 Oualo·

157 2652 272 2719 6μάῖιεν
301 2652 331 2704 all
355 2652 487 2723 κεραυνῷ
516 2649 605 2717 (Διὸς)
630 2651 683 2703 Τό·
721 2653 773 2702 liae
791 2651 877 2718 {lavas
898 2666 976 2702 aanor
1001 2660 1038 2704 sat
1057 2654 1106 2704 tihi
1128 2664 1246 2718 mergare

157 2729 238 2798 ξοισί
257 2749 287 2783 τε
305 2727 487 2797 Ἀπόλλωνος.
506 2734 537 2783 iu
552 2734 591 2783 his
605 2734 684 2796 igitur
721 2732 816 2783 criass.
849 2732 956 2784 Servius
978 2733 1012 2785 ad
1031 2734 1099 2784 Aen.
1118 2734 1149 2794 6,
1173 2726 1240 2782 ‘illc

158 2813 198 2862 dis
211 2812 391 2863 memorandis
411 2815 544 2873 sapienter
566 2813 684 2864 suhstitlt
723 2811 832 2862 Constat
863 2812 1009 2874 ipotttaem
1036 2827 1084 2864 sea
1118 2813 1247 2864 mmlhua

159 2896 264 2953 poeta,
305 2893 424 2954 quamvls
456 2904 546 2943 omnes
580 2903 683 2956 pugnae
722 2891 877 2941 hiemalibus
895 2893 967 2953 opud
984 2893 1124 2946 Pataram,
1148 2892 1247 2954 Lycios

158 2974 332 3031 adfuissent,
369 2975 553 3037 imprimisque
581 2972 685 3023 lortiter
722 2972 1246 3034 mohatemmlarerespoasmunacfla-

158 3054 314 3105 dimicasset
336 3052 456 3102 Bacchus
479 3057 559 3115 atque
583 3051 685 3103 llercu·
722 3050 829 3123 ταρεύς
847 3051 1061 3112 Apollods'cc'tur,
1078 3059 1103 3102 et
1120 3066 1167 3102 aesc
1177 3064 1246 3101 maa·

158 3133 206 3182 ies.
227 3134 282 3182 Fea
302 3138 379 3192 teste,
394 3135 422 3182 in
437 3132 582 3197 anaglypho
595 3132 684 3183 Musei
722 3131 794 3180 albus
811 3130 886 3190 opud
904 3130 1005 3180 Delum.
1033 3131 1168 3194 Digresslo
1181 3129 1247 3180 haec

157 3213 282 3264 Vaticani
298 3219 362 3263 «est
378 3212 561 3264 videreetiam
573 3212 683 3263 Dianam
724 3211 757 3261 cle
775 3208 913 3270 Apolline,
943 3211 1020 3260 cuius
1039 3209 1245 3272 pulcherrimam

158 3305 232 3353 arcu,
245 3292 367 3343 Hecaten
377 3291 434 3343 lace
446 3295 594 3354 inutraque
604 3305 685 3342 manu
724 3289 836 3340 turmam
855 3302 914 3340 cum
934 3288 1110 3340 admiratione
1127 3293 1245 3339 contom-

158 3371 288 3421 Titanum
312 3373 475 3432 impietatsm
499 3371 685 3422 ulciscentes.»
724 3370 811 3432 piatur
832 3373 920 3431 potita,
942 3382 996 3420 non
1014 3373 1072 3421 sine
1091 3375 1146 3420 arte
1164 3377 1247 3428 oppo-

191 3452 237 3502 61.
276 3446 427 3509 Castaliae}
457 3451 535 3501 Piud.
561 3452 637 3517 Pyth.
658 3453 685 3512 1,
724 3448 937 3500 nitur'tcrrihllis
955 3450 1026 3500 illius
1048 3461 1151 3511 pugnae
1170 3446 1248 3498 Phic-

158 3529 211 3579 39:
242 3526 336 3580 Λύκιε
355 3530 405 3579 καὶ
425 3527 522 3582 Δάλου
547 3527 687 3582 ἀνάσσων
725 3546 818 3598 graeac
839 3535 969 3594 picturae.
1001 3533 1142 3584 Praeterea
1158 3535 1247 3583 autem

157 3609 260 3670 Φοῖβε,
276 3607 439 3679 Παρνασοῦ
458 3624 489 3659 τε
501 3608 614 3679 κράναν
629 3609 687 3660 Κα·
726 3612 819 3675 Apollo
844 3613 909 3662 deus
939 3615 1071 3672 maxime,
1101 3615 1131 3662 ut
1152 3613 1189 3661 ita
1210 3611 1249 3662 di·

158 3687 284 3738 ocultae
295 3685 415 3749 φιλέων.
436 3687 604 3751 Κασταλίας
615 3705 687 3753 μαν·
725 3706 802 3751 cam,
841 3692 976 3742 adamatus
1001 3697 1082 3755 atque
1105 3692 1191 3742 cultus
1215 3692 1248 3744 ah

158 3764 245 3817 τικὸν
278 3765 362 3830 πόμα
388 3774 518 3818 memorat
545 3767 687 3832 Gregorius
726 3772 844 3835 Augusto
865 3775 977 3833 eiusque
996 3774 1073 3834 quasi
1090 3772 1172 3824 tutela
1197 3774 1249 3821 sin·

157 3846 286 3897 Nazianz.
320 3845 370 3894 lid.
397 3845 480 3896 Paris.
501 3846 522 3893 l.
545 3860 603 3911 pag.
623 3849 685 3898 679.
726 3850 823 3915 gularis
843 3863 874 3901 ae
893 3851 1000 3912 propria
1025 3856 1089 3901 arat.

158 3925 282 3988 Operose
305 3925 338 3976 de
360 3926 411 3975 hoc
435 3926 526 3985 ionio,
557 3934 584 3977 ct
605 3929 687 3981 altero
760 3928 804 3978 65.
833 3928 878 3976 Vis
897 3926 1002 3991 consili]
1023 3929 1100 3978 Pind.
1123 3928 1201 3992 Pyth.
1221 3929 1249 3990 8,

158 4004 333 4068 cognomine
347 4017 429 4065 prope
449 4005 627 4069 Antiochiam,
654 4009 687 4058 de
727 4010 774 4061 15:
786 4009 841 4059 Βία
850 4006 880 4058 tt
894 4009 944 4058 καὶ
956 4004 1146 4074 μεγάλαυχον
1156 4003 1250 4074 ἔσφα-

158 4098 213 4148 quo
234 4085 346 4148 quidem
369 4085 395 4133 h.
416 4086 433 4135 i.
457 4088 572 4147 cogitare
593 4088 685 4147 nolim,
726 4088 774 4138 λεν
791 4085 822 4137 ἐν
838 4084 946 4158 χρόνῳ.
980 4087 1073 4148 Eurip.
1091 4086 1134 4135 Fr.
1156 4088 1251 4141 Teme·

158 4167 213 4227 egit
229 4165 320 4226 Unger
339 4163 423 4215 Theh.
438 4164 573 4216 Paradoaa
586 4176 612 4228 p.
624 4168 685 4216 iio.
726 4166 782 4216 nid.
811 4167 864 4216 ii:
894 4162 993 4232 Ῥώμη
1019 4163 1051 4216 δέ
1082 4165 1107 4232 γ’
1129 4163 1251 4233 ἀμαθὴς
