2900 4820
580 344 730 395 ricuini
751 344 938 399 cachinnat

429 503 620 590 Currusquc
641 506 676 570 et
696 505 820 578 rabiem
843 510 950 592 parat.

345 606 570 711 Ncqnicquani
592 625 735 691 Veneris
757 618 923 712 praesidia
947 628 1043 694 ferax

343 745 467 813 Pectus
488 748 671 813 caesariem
692 752 858 835 grataque
880 750 1010 814 feminis

344 869 471 934 Imhelli
493 868 622 934 cithara
644 871 789 935 carmina
812 869 961 950 divides3

267 1053 311 1104 13.
330 1054 492 1119 Nequiquam
510 1052 672 1104 hircanis.

216 1197 352 1261 Millingen
370 1199 449 1248 tmed.
468 1197 543 1249 Mors.
564 1199 586 1248 Ι.
608 1200 639 1249 Τ.
662 1200 689 1251 1.
713 1205 741 1250 ct
776 1199 865 1249 Paridi
884 1199 961 1250 Iliad.
981 1216 1013 1266 y,
1031 1198 1083 1249 dli:
1110 1195 1173 1250 Οὐκ
1190 1194 1230 1253 ἄν
1252 1218 1297 1253 τοι

216 1276 431 1329 Winclrelmanni
441 1276 516 1328 Mau.
529 1278 601 1327 laed.
616 1278 639 1328 l.
653 1291 681 1339 p.
692 1277 738 1328 18.
775 1279 907 1349 χραίσμῃ
913 1276 1037 1350 κίδαρις,
1043 1275 1081 1330 τά
1090 1293 1120 1328 τε
1128 1274 1298 1348 δῶρ”Αφρο-

216 1356 338 1408 Minerva
356 1354 478 1410 Albana..
490 1353 596 1416 Optime
616 1353 740 1418 expressa
775 1356 865 1420 διτης,
880 1352 921 1407 Ἥ
936 1372 966 1408 ze
984 1354 1087 1425 κόμη,
1105 1354 1140 1408 τό
1159 1373 1191 1408 τε
1210 1354 1297 1422 εἶδος,

219 1441 259 1488 est
276 1439 347 1499 aegis
366 1439 393 1485 in
404 1436 541 1487 Minervae
561 1441 647 1486 statua
665 1435 737 1486 Mus.
776 1429 821 1486 ὅτ’
838 1433 870 1485 ἐν
888 1435 1004 1506 κονίῃσι
1022 1436 1147 1501 μιγείης.

216 1514 333 1563 Borhcu.
347 1515 393 1564 lv.
408 1515 439 1563 T.
453 1516 480 1564 7.
499 1519 525 1564 el
537 1515 565 1562 in
577 1528 638 1566 vase
651 1514 739 1564 Vulci·
811 1512 855 1563 ti.
876 1511 1028 1575 caesariem]
1051 1514 1079 1564 Si
1099 1514 1223 1576 colligere
1236 1516 1300 1566 licet

217 1595 303 1643 niensi
328 1591 422 1643 Bullet.
452 1593 510 1642 dell’
528 1593 595 1643 last.
623 1593 737 1643 archcol.
776 1606 875 1645 eruca.
895 1593 1060 1643 ltalicuinde
1082 1594 1161 1643 ducto
1176 1607 1299 1647 zazzera,

217 1672 296 1722 1838.
317 1687 344 1736 p.
364 1674 391 1722 9.
413 1671 459 1723 uhi
477 1673 563 1735 image
583 1678 624 1723 est
639 1673 739 1725 Miner·
776 1675 882 1733 propria
896 1673 1026 1734 significat
1042 1685 1097 1721 nan
1114 1675 1205 1724 crinas
1223 1687 1302 1737 gene-

217 1767 264 1805 vae
277 1754 409 1811 Musicae,
428 1764 488 1802 curn
506 1751 578 1814 galea
594 1758 621 1802 ct
634 1752 737 1815 aegide.
777 1755 875 1811 ratim,
895 1751 942 1801 sed
962 1754 1050 1802 crines
1068 1753 1177 1802 verticis
1199 1752 1302 1814 (Haur-

217 1835 286 1884 Rarc
304 1832 482 1893 autam'aegis
501 1826 613 1894 (thorax)
630 1830 665 1881 ah
678 1833 740 1880 arti·
776 1831 884 1894 schups).
906 1831 953 1880 Est
972 1831 1027 1881 iera
1046 1835 1200 1892 puetarum.
1216 1856 1247 1866 -
1267 1830 1302 1894 fe·

218 1913 311 1963 flcihus
331 1914 367 1963 lta
386 1923 508 1971 expressa
527 1915 577 1968 est,
597 1916 627 1960 ut
647 1923 739 1972 quem·
775 1906 863 1971 minis]
876 1909 1073 1971 Contemptlm:
1089 1909 1235 1970 «lemnae,
1248 1923 1300 1961 non

185 1996 192 2017 ⁴
218 1992 361 2042 admodum
391 1989 446 2040 iere
471 1988 542 2049 apud
569 1992 679 2051 poetas,
711 1990 739 2037 in
776 1988 1301 2048 bellatores,cantudelectantur.»Mire

219 2073 276 2122 clus
295 2069 384 2120 medic
402 2072 436 2118 sil
453 2067 582 2118 Medusae
602 2070 656 2119 slve
674 2066 740 2118 Gur·
776 2068 895 2119 nonnulli
920 2070 1065 2119 iunxerunt
1087 2070 1167 2120 unice
1191 2082 1255 2119 cum
1275 2083 1299 2120 n.

221 2153 296 2214 genis
315 2153 405 2210 caput,
425 2153 452 2199 ct
470 2148 579 2210 quidem
592 2148 673 2199 stellis
690 2150 740 2197 cir·
776 2149 885 2201 divides,
901 2154 931 2198 ut
941 2155 1028 2199 essai:
1042 2147 1137 2197 «modo
1149 2149 1231 2208 hanc,
1247 2161 1303 2198 mc·

218 2230 392 2289 cumdaturu,
429 2229 469 2278 uli
507 2228 578 2290 apud
616 2226 736 2279 Gerhard
777 2227 986 2277 dalilamcantu
999 2226 1183 2287 chlectahis»;
1206 2228 1303 2279 frustra

222 2306 391 2357 Kuustwerlra
409 2308 431 2356 l.
451 2306 483 2357 T.
503 2305 529 2355 8.
776 2306 940 2368 appellantes
950 2305 1059 2355 Anthal.
1073 2306 1133 2356 Lai.
1146 2308 1175 2367 1,
1185 2308 1213 2356 9.
1229 2320 1256 2369 p.
1268 2306 1301 2355 i:

253 2389 297 2437 12.
317 2383 429 2449 Currus]
444 2386 500 2436 Cic.
514 2387 547 2437 de
559 2386 592 2437 N.
603 2385 638 2436 D.
650 2384 677 2445 3,
687 2383 737 2433 23:
778 2385 898 2449 Cypueas
907 2387 1011 2448 panitur
1022 2389 1128 2450 aestuas
1141 2393 1206 2447 pust
1216 2387 1305 2449 falmi-

218 2466 369 2517 Mt'ricrvam
382 2466 489 2515 Curiam
498 2466 690 2528 quadrigarum
699 2464 740 2511 ia·
775 2480 812 2514 aa
821 2478 924 2526 pennas
936 2463 1172 2528 Dulciadiffuadit
1180 2467 1305 2515 carmina

216 2546 359 2595 cantricem
369 2545 467 2608 [eraut.
480 2566 514 2578 -
528 2539 638 2603 rabiem]
655 2554 740 2591 usum·
775 2545 938 2607 cirpinihus;
958 2546 1030 2607 quud
1044 2558 1156 2606 prorsus
1168 2547 1305 2599 diuersum

218 2636 291 2672 mum
318 2625 373 2672 irae
392 2620 542 2683 furorisque
569 2620 657 2670 hellici
683 2632 740 2682 gru·
777 2623 1305 2687 est;lungendnmenlrnzdiffuudiicar-

218 2704 310 2753 dum.»
347 2702 416 2751 Hinc
441 2699 499 2751 Vel.
520 2700 606 2751 Placc.
624 2700 655 2760 5,
675 2699 738 2748 627.
776 2704 851 2751 mina
869 2702 1122 2766 dulciavirpiaihas.
1151 2704 1304 2755 Videmus.

218 2796 300 2834 ausus
320 2787 360 2832 est
373 2781 461 2832 dicere
477 2781 601 2830 rabidam
613 2780 737 2828 Pallada.
812 2782 856 2830 15.
877 2778 989 2842 lmhelli]
1003 2787 1035 2830 ut
1047 2782 1099 2831 Od.
1110 2783 1139 2843 1,
1152 2784 1180 2843 6,
1192 2786 1244 2834 1οε
1257 2786 1305 2832 im·

218 2863 339 2925 iungitur
366 2861 409 2910 hic
427 2863 499 2910 notio
526 2859 656 2910 ahstractu
679 2871 739 2907 cum
777 2862 899 2923 bellisque
910 2860 985 2922 lyrae
996 2860 1077 2912 Musa
1085 2866 1195 2924 puteas,
1211 2864 1240 2913 id
1254 2868 1304 2921 est,

219 2943 358 3000 concretis,
377 2944 408 2988 ut
426 2940 478 2989 0d.
498 2937 542 2999 35,
563 2937 618 2987 332
636 2938 740 2987 cicatri·
778 2943 851 3001 «paci
872 2945 898 2990 et
917 2942 970 2990 ntia
989 2946 1084 3000 aptae,
1117 2955 1174 2992 nnn
1194 2943 1305 2999 hellu»;

218 3033 278 3071 cum
296 3026 321 3069 et
337 3017 740 3072 scalariafienarishuiusan-
777 3033 827 3071 nec
866 3032 929 3072 vero
975 3023 1120 3084 opponitur
1159 3022 1306 3072 bellicosae

220 3103 325 3162 tiquam
335 3104 374 3150 ast
386 3099 534 3160 exemplum
545 3098 616 3159 apud
626 3097 738 3147 Hcslcd.
776 3099 885 3150 Achillis
904 3099 1021 3150 citharae
1039 3099 1117 3150 Iliad.
1136 3118 1164 3162 ι,
1186 3102 1252 3151 186.
1274 3127 1306 3136 -

220 3179 263 3229 Sc.
287 3180 368 3229 Herc.
390 3177 451 3228 132.
484 3177 608 3228 Herculis
630 3179 739 3240 sagittae
776 3174 886 3240 divides]
905 3192 955 3228 usn
965 3178 1108 3229 admodum
1122 3181 1257 3244 singulari
1269 3183 1308 3232 sic
1357 3196 1360 3201 ’

218 3252 739 3330 Πρόσθενμὲνθάνατόντέιχονκαι
777 3258 950 3319 explicanda:
990 3258 1111 3308 «Canius
1144 3260 1249 3311 vocalis
1281 3266 1308 3311 et

217 3336 343 3407 δάκρυσι
370 3335 476 3408 μῦρον.
497 3362 529 3372 -
555 3337 660 3386 Asinaia
681 3335 737 3385 Sat.
777 3338 893 3388 citharae
924 3337 982 3386 soni
1010 3338 1081 3386 luter
1106 3351 1136 3388 se
1166 3341 1308 3390 coniuncti

217 3416 323 3476 laad:
345 3416 424 3465 Tatta
434 3416 462 3465 di
476 3417 555 3477 pelve
577 3430 589 3466 e
611 3416 640 3464 dt
649 3429 740 3476 paura
776 3422 858 3466 totam
878 3415 999 3466 alliciunt
1020 3416 1227 3478 symphoniam
1255 3420 1309 3468 iarn

219 3495 323 3544 blanca.
360 3495 464 3546 Nimius
486 3496 626 3548 estinhac
639 3494 743 3545 cetere
777 3494 927 3558 singulatim
953 3498 1077 3555 spectatis
1104 3495 1150 3547 his
1172 3498 1308 3558 partihus,

220 3577 266 3637 qui
293 3574 486 3637 elegantissima
510 3575 593 3638 ligura
618 3574 738 3635 Ovidius,
776 3571 881 3639 ἀοιδὴν
912 3574 1007 3623 diuidit
1042 3575 1164 3627 citharae
1199 3583 1308 3636 cantus,

219 3651 301 3704 ueluti
319 3653 386 3703 Met.
403 3655 430 3713 2,
445 3654 515 3704 tia:
535 3654 666 3709 canaitis,
685 3666 741 3701 aaa
777 3648 863 3719 ἀοιδὴ
878 3654 993 3704 citharae
1006 3667 1097 3713 sonus,
1110 3655 1206 3716 idest,
1223 3657 1310 3707 altera

219 3730 350 3784 curribus,
370 3737 443 3782 aiere
460 3736 566 3784 nastris.
585 3733 654 3782 Ihld.
668 3732 738 3782 312:
777 3732 956 3784 utra'dimidia
967 3736 1047 3783 totius
1055 3735 1238 3796 symphoniae
1249 3751 1310 3798 pars

218 3811 370 3872 pariterque
397 3814 536 3877 emmaque
553 3814 670 3875 rotisque
687 3814 741 3861 lia-
778 3819 853 3877 astu
874 3812 915 3862 Ad
925 3827 950 3864 v.
967 3813 1085 3862 diuidere
1097 3825 1231 3875 compara
1243 3818 1311 3868 Pra-

221 3890 292 3950 pulit
305 3890 443 3955 'euripum
777 3897 845 3954 pert.
866 3893 893 3953 2,
914 3893 939 3951 1,
961 3892 993 3940 9:
1013 3892 1075 3941 Sive
1097 3892 1177 3954 lyrae
1199 3910 1312 3947 carmen

256 3966 300 4016 13.
319 3967 409 4019 Venus
422 3971 484 4022 lndc
496 3985 526 4021 ex
536 3970 739 4031 pulchritudinis
778 3972 868 4035 dipitis
877 3975 1008 4032 percussit
1020 3972 1140 4022 chumis.
1164 3974 1221 4025 Sed
1236 3977 1310 4037 pleni

221 4046 266 4096 illu
282 4048 391 4108 iudicia,
413 4050 484 4113 quad
496 4051 570 4100 Paris
589 4046 747 4101 secundnm'
778 4053 957 4102 commentarii
968 4053 1049 4103 instar
1059 4050 1180 4102 astillnd
1193 4054 1312 4107 Laclani

222 4139 280 4177 eam
299 4125 412 4188 tulerat,
441 4132 465 4180 ei
489 4129 601 4182 lavabat.
641 4130 741 4182 llectar
776 4130 935 4192 turguit:
954 4127 1081 4202 εὐκαίρῳ
1096 4128 1135 4201 τῇ
1148 4125 1243 4204 ἄρσει
1259 4137 1312 4186 καὶ
