2908 4796
201 350 282 422 700
591 349 739 401 noman
758 349 902 403 raanan

283 514 359 581 Non
381 513 480 579 aliter
501 507 615 580 Samio
638 510 754 577 dicunt
775 514 900 577 arsisse
923 509 1083 598 Bathyllo

327 634 547 702 Anacreonta
568 634 697 716 Teium,

284 755 347 838 Qui
368 773 532 841 persaepe
554 774 641 821 cava
662 754 831 819 testudine
853 753 946 820 devii
968 771 1111 819 amorem

325 877 400 943 Non
427 877 631 944 elaboratum
654 875 696 942 ad
721 876 848 962 pedem.

199 1218 273 1276 parte
292 1212 352 1262 iibri
372 1217 456 1262 erant.
488 1212 604 1263 Martiai.
625 1212 652 1273 4,
675 1212 720 1272 90,
759 1213 871 1278 μελέων
888 1205 1034 1274 πλέξαντα
1056 1209 1120 1262 ποτ’
1136 1204 1224 1278 ᾠδάς,
1240 1205 1289 1262 ‘H-

200 1295 235 1342 1:
257 1292 311 1340 Oine
329 1293 384 1341 iam
402 1291 469 1341 tatia
487 1297 541 1347 eat,
562 1292 608 1341 cite
627 1291 720 1344 libetis,
760 1290 815 1341 δὺν
840 1284 1042 1359 Ἀνακρείοντα
1061 1289 1138 1351 Τέως
1162 1289 1204 1352 εἰς
1221 1284 1288 1340 Ἑλ-

199 1372 258 1421 iam
271 1373 441 1433 pervenimus
464 1382 546 1434 nsque
564 1370 601 1420 ad
618 1371 722 1420 ambiit·
759 1366 821 1421 aaa*
842 1364 967 1435 ἀνῆγεν,
993 1367 1171 1431 Συμποσίου
1191 1365 1288 1437 ipinc-

200 1465 275 1501 eoe.»
303 1450 372 1500 Fan.
760 1465 840 1514 αμα,
860 1446 1010 1513 γυναικῶν
1027 1440 1232 1516 ἠπερόπευμα.

233 1529 342 1579 9-12.
362 1525 497 1593 Bathyllo]
528 1529 636 1579 Maxim·
657 1529 721 1592 Tyr.
795 1525 923 1578 1t-1t.
955 1519 1060 1586 aran]
1094 1522 1204 1584 «Quum
1231 1527 1287 1575 vim

198 1608 243 1658 24.
265 1621 291 1670 p.
317 1608 380 1657 481.
400 1608 451 1658 n:
472 1603 632 1671 (Anacreon)
652 1604 723 1659 πάν·
761 1610 883 1675 ererccat
900 1617 990 1663 amor,
1016 1606 1072 1665 ipse
1091 1603 1174 1663 probe
1194 1607 1285 1662 nosti;

198 1703 256 1739 νων
274 1686 328 1759 ἐρᾷ
347 1687 405 1738 τῶν
426 1686 524 1737 καλῶν
538 1688 588 1738 καλ
609 1685 722 1737 ἐπαινεῖ
760 1687 859 1736 etenira
879 1690 908 1734 tu
927 1695 1036 1745 quoque
1066 1694 1139 1732 amas
1158 1681 1286 1733 iaminern

199 1761 321 1827 πάντας·
340 1762 435 1829 μεστὰ
452 1764 483 1816 ot
497 1761 593 1816 αυτοῦ
612 1764 648 1817 ad
669 1758 722 1835 ᾄσ·
760 1764 995 1825 pulcherrimam.»
1011 1763 1051 1813 lie
1061 1761 1196 1820 Terentia,
1210 1763 1286 1813 Mae-

197 1857 279 1909 μανα
307 1843 359 1910 τῆς
383 1843 529 1915 Σμέρδεος
557 1843 654 1910 κόμης
672 1845 722 1895 καὶ
760 1845 861 1895 canatis
879 1856 981 1903 uxore,
1010 1841 1143 1902 explicant
1161 1841 1285 1903 plerique

200 1923 258 1973 τῶν
276 1921 468 1986 Κλεοβούλου
487 1918 654 1988 ὀφθαλμῶν
672 1925 721 1973 καὶ
760 1921 952 1984 praeeuntibus
965 1919 1050 1970 tribus
1067 1918 1231 1979 Scholiastis‚
1251 1932 1285 1970 eo

199 2001 252 2067 τῆς
268 1999 424 2053 Βαθύλλου
444 1996 531 2073 ὥρας.
569 2003 643 2053 Idem
658 2006 723 2054 scri·
760 2003 832 2065 quod
852 2013 911 2051 naor
930 2000 1052 2049 libertina
1074 2004 1226 2061 opponatur
1243 2001 1286 2048 inn

199 2079 485 2144 ostentamenta.
510 2081 577 2133 Iter·
608 2096 669 2132 curn
688 2080 721 2132 ab
759 2093 871 2144 genuae.
913 2079 973 2129 «Ac
993 2092 1022 2130 re
1043 2092 1105 2130 uera
1127 2091 1168 2129 vr.
1189 2074 1286 2128 Gaude

198 2161 365 2211 Anacreonte
394 2160 466 2210 dicat
492 2161 638 2211 celebratos
663 2174 721 2211 esse
759 2166 830 2210 corte
848 2164 897 2208 tua
916 2158 949 2210 de
967 2158 1084 2222 legitima
1102 2164 1204 2207 tanturn
1218 2172 1285 2209 uro-

198 2233 309 2301 αὐλοὺς
332 2236 506 2299 Βαθύλλου,
539 2240 625 2303 Bergk
663 2251 723 2300 pro·
759 2253 787 2291 re
820 2250 950 2300 sponsare
987 2237 1099 2299 inteiiigi
1137 2243 1283 2298 possunt.»

198 2318 322 2370 habiliter
357 2318 390 2367 ad
427 2319 498 2368 hunc
536 2319 721 2370 adolescentu·
758 2319 885 2369 Fnannn.
906 2317 1006 2369 Eadem
1023 2315 1285 2377 rerbeinsupcrsa·

199 2399 253 2450 inm
271 2396 373 2447 rettulit
400 2397 444 2445 Fr.
468 2396 512 2446 18.
533 2410 560 2458 p.
581 2397 648 2448 iiiii:
678 2400 722 2461 τίς
759 2400 792 2448 tia
806 2398 990 2449 demonstrant
1007 2398 1096 2445 minus
1113 2401 1175 2457 apte
1194 2409 1285 2458 nuper

197 2476 344 2546 ἐρασμίην
357 2476 478 2544 Τρέψας
487 2475 625 2541 ιουμὸνλλς
641 2475 721 2543 ἤβην
757 2491 799 2528 rr·
821 2477 909 2526 urere
927 2481 979 2526 cet.
1007 2476 1137 2536 capitcata
1161 2489 1220 2527 esse
1248 2479 1283 2528 de

197 2557 321 2626 τερένων
333 2549 471 2620 ἡμιόπων
485 2550 534 2605 ὑπ’
553 2551 654 2607 αὐλῶν
664 2551 721 2626 'Op-
758 2556 889 2618 Bathyllo,
901 2553 995 2605 liberto
1004 2555 1167 2606 Maecenatis
1178 2563 1205 2608 et
1218 2570 1283 2619 pan·

198 2638 309 2696 χεῑταις
329 2632 362 2682 de
382 2632 476 2684 eadem
492 2640 533 2684 eat
551 2636 621 2686 inter
636 2635 720 2685 Pseu·
757 2638 877 2692 tomiano,
892 2634 925 2684 de
939 2646 992 2696 quo
1003 2633 1089 2684 Tacit.
1101 2635 1172 2685 Ana.
1188 2636 1214 2696 1,
1229 2635 1280 2686 ot:

198 2712 401 2761 danacreontica
421 2711 508 2762 Germ.
522 2713 567 2762 29.
591 2715 656 2764 Eius
668 2721 720 2766 sta·
757 2713 899 2764 Maecenas
924 2710 1020 2775 effatus
1039 2714 1069 2762 in
1090 2727 1207 2764 amarem
1229 2716 1282 2764 Ba-

197 2797 270 2841 taam
289 2802 304 2840 a
321 2790 458 2853 Poiycrate
477 2798 587 2856 tyranno
605 2794 719 2847 dicatam
757 2793 848 2856 inpili5
880 2804 911 2843 ac
934 2797 1077 2854 propterea
1105 2799 1281 2845 memoratum

197 2871 305 2931 copiose
335 2871 463 2921 describit
485 2873 640 2935 Appuleius,
662 2874 720 2924 Fio-
758 2885 816 2924 erae
834 2871 909 2921 tituin
927 2872 1103 2922 Anacreontis
1120 2872 1280 2936 natantum.

175 2949 248 3003 ,rid.
268 2949 299 3010 2,
320 2950 362 3000 15,
383 2962 410 3010 p.
433 2951 476 3000 51.
498 2951 570 3002 ond,
594 2978 625 2988 -
648 2955 719 3004 Ana·
758 2950 875 3019 sitienda
892 2955 932 3001 est
944 2950 1085 3003 Terentiae
1100 2965 1160 3002 cutn
1177 2951 1281 3004 Helena

153 3052 156 3063 ·
196 3025 314 3090 crecnta]
327 3029 391 3081 Eius
405 3035 518 3082 statuam
531 3032 643 3083 Athenis
654 3034 720 3083 ridit
758 3031 1062 3093 comparatio,curnilia
1079 3032 1281 3093 essetpuicircr·

196 3108 343 3158 Pausanias
359 3110 386 3169 1,
402 3110 495 3169 25,-1ε
515 3111 547 3161 oi
562 3109 597 3162 τὸ
617 3110 720 3178 σχῆμά
757 3113 824 3161 rima
842 3115 869 3162 et
881 3110 1043 3161 Maecenatis
1062 3114 1179 3163 aninrunr
1201 3112 1281 3163 vetre-

196 3184 288 3246 ἐστιν,
306 3182 372 3239 οἷον
389 3181 515 3259 ᾄδοντος
532 3183 571 3238 ἄν
587 3188 620 3240 ἐν
641 3189 719 3259 μέθῃ
756 3191 839 3240 menti
860 3201 921 3251 erga
939 3203 967 3241 se
983 3203 1073 3241 amore
1085 3191 1279 3243 accendisset.»

196 3267 314 3332 γένοιτο
340 3262 509 3336 ἀνθρώπου.
530 3291 561 3302 -
589 3267 649 3317 Nan
666 3268 720 3317 ela·
756 3268 928 3318 Wnrcnner.
950 3292 980 3304 -
1002 3267 1096 3333 mnan]
1126 3269 1281 3320 «Miserum

197 3341 331 3407 tonnam]
358 3346 532 3396 Anacreontis
556 3341 716 3409 ἀφέλειαν,
756 3359 825 3407 ease,
856 3348 951 3396 ennere
969 3348 1088 3410 deperire
1109 3349 1228 3411 pitanam
1246 3350 1280 3399 de

196 3423 317 3474 naturaie
338 3429 365 3475 et
388 3423 500 3484 simplex
521 3425 654 3475 scribendi
675 3438 717 3487 ge·
755 3439 846 3478 amore
866 3428 946 3476 etiam
967 3425 1206 3480 ieitcissirnoadeo·
1220 3440 1280 3489 per·

196 3515 266 3562 nus,
284 3503 361 3566 ionga
386 3503 520 3556 diversum
545 3516 560 3552 a
579 3509 717 3565 poetarum
755 3507 887 3569 volgatum
903 3511 962 3565 est,
990 3513 1021 3556 ut
1045 3507 1166 3568 exempta
1184 3508 1279 3557 aiicrre

195 3582 434 3634 Alexandrinorum
457 3583 546 3634 indcie
574 3586 664 3645 potius
682 3587 717 3634 si·
754 3597 865 3637 necesse
885 3598 938 3634 aon
958 3587 1019 3636 eit.»
1040 3586 1188 3645 liencurt,
1208 3586 1280 3637 reiu-

195 3662 323 3725 gniiictt,
355 3675 434 3725 quarn
464 3668 494 3712 ut
523 3663 716 3726 aeginanem,
754 3672 813 3715 tans
831 3663 970 3714 miriiicarn
989 3664 1046 3714 ΗΡ.
1075 3669 1277 3717 coniecturam:

196 3741 268 3803 quod
293 3741 473 3792 adnumerat
497 3743 624 3802 attineat,
655 3755 716 3793 cunr
756 3743 951 3803 afleratiusn:
991 3744 1079 3794 arere
1105 3747 1160 3807 ipae
1189 3746 1276 3794 aanor.

194 3833 285 3871 versus
316 3821 497 3881 composuisse
526 3821 714 3882 reprehendat.
756 3837 768 3866 «
777 3823 961 3874 Maecenate:
986 3823 1070 3886 Quid,
1100 3826 1195 3874 cinon
1218 3824 1279 3886 put·

195 3898 328 3962 «Bathytii
347 3911 464 3951 amorem
484 3901 589 3960 scripsit
603 3912 658 3952 acu
679 3903 716 3952 tta
754 3901 841 3950 ctoriae
859 3903 929 3966 ipnia
947 3901 1071 3953 Accendit
1089 3903 1280 3953 abaeaaamiti-

195 3976 314 4037 periecto
340 3984 369 4029 et
386 3978 520 4030 elaborato
548 3981 616 4040 pede
635 3992 715 4043 quarn
755 3981 813 4028 an?
833 4006 864 4016 -
884 3978 995 4044 quodsi]
1027 3981 1130 4032 «Certe
1157 3985 1216 4044 ipsa
1235 3981 1278 4032 iiia

195 4053 318 4123 dulcibus
333 4058 476 4109 nodutis.»
497 4058 600 4109 Senon.
621 4059 716 4111 Critiae
755 4057 867 4121 fleicna,
887 4073 957 4123 quae
980 4060 1103 4114 Paridem
1126 4074 1218 4112 amore
1239 4064 1278 4110 in·

194 4133 286 4183 Bactrii
306 4135 401 4194 Μῦν
423 4135 482 4187 Τὸν
498 4136 528 4188 ct
541 4140 716 4204 paneraston
755 4139 867 4199 cendit,
898 4155 1023 4206 quaeque
1057 4141 1153 4193 Troiae
1183 4140 1277 4193 excidii
