2908 4796
517 400 632 452 LlBllll·
671 402 779 456 chem.
800 404 885 456 xvii.
1158 410 1235 479 725

280 550 351 622 Sed
374 556 524 625 tardiora
540 561 618 626 'iata
640 560 675 628 te
699 566 789 629 votis
811 570 961 632 manent:

278 678 420 764 Ingrata
441 680 561 745 misero
584 684 656 748 vita
677 683 831 751 ducenda
854 692 907 753 est
931 691 963 754 in
988 689 1069 777 hoe,

277 801 384 867 Novis
407 805 442 866 ut
465 823 569 888 usque
592 788 754 888 suppetas
776 807 954 874 laboribus.

243 954 246 959 ¹
276 919 379 1008 Optat
400 926 543 1009 quietem
567 924 703 1010 Pelopis
724 926 814 992 infidi
838 937 950 1013 pater,
1196 934 1236 994 65

279 1043 396 1130 Egens
418 1040 585 1134 benignae
608 1045 771 1113 Tantalus
792 1069 924 1135 semper
946 1051 1058 1137 dapis,
1086 1059 1090 1067 '

277 1162 383 1250 Optat
405 1165 626 1232 Prometheus
648 1169 813 1250 obligatus
834 1173 922 1256 aliti,

277 1284 382 1371 Optat
404 1307 559 1372 supremo
581 1290 749 1355 eolloeare
772 1285 941 1379 Sisyphus

276 1409 316 1472 In
338 1411 450 1474 monte
472 1429 605 1496 saxum3
627 1410 688 1477 sed
712 1415 837 1507 vetant·
853 1415 950 1504 leges
972 1420 1074 1484 lovis.

277 1529 378 1594 Voles
399 1530 496 1595 modo
519 1532 597 1597 altis
619 1531 754 1598 desilire
776 1537 941 1615 turribus,
1194 1542 1236 1602 70

200 1687 245 1736 oa.
259 1663 262 1669 ¹
274 1686 302 1737 Si
321 1689 443 1748 tardiora
461 1689 520 1752 soto
544 1694 568 1738 te
591 1690 659 1737 ootis
686 1687 795 1752 (deuotis
818 1690 861 1755 T.)
880 1698 1005 1745 monenti
1024 1698 1152 1748 bTLCtF.
1172 1697 1234 1761 (noo

150 1754 212 1816 Bo.)
235 1782 263 1789 -
286 1750 490 1831 immoritur
515 1756 603 1808 TLCt.
624 1754 687 1821 (non
711 1758 787 1823 libo.)
811 1788 841 1799 -
873 1763 917 1814 65.
943 1766 1041 1830 infidos
1068 1767 1139 1829 ιιι,
1172 1766 1235 1832 (non

150 1824 261 1913 auree,
298 1826 457 1885 Beothius,
476 1824 529 1892 Μ.)
549 1852 579 1863 -
599 1826 642 1878 67.
663 1830 726 1878 aitte
744 1830 775 1880 Β.
885 1839 889 1845 ’

149 1975 179 2022 ut
191 1969 247 2020 Cle.
272 1983 319 2031 pro
338 1972 424 2023 Sestio
441 1972 485 2022 17.
505 1971 535 2021 P.
547 1971 671 2022 Clodium
711 1985 790 2035 quarn
811 1974 858 2024 tihi
878 1977 928 2035 ipsi
941 1989 1030 2026 earum
1049 1985 1097 2040 est,
1118 1982 1178 2033 ideo
1192 1984 1231 2040 iit,

147 2052 301 2111 stuprorum
329 2051 494 2100 sacerdotem
524 2051 558 2101 ob
582 2052 671 2103 Bonae
711 2058 875 2113 utsuppetes
892 2060 963 2105 eet.»
982 2055 1232 2121 dliiiunguntoum

147 2127 221 2178 ltere
235 2141 307 2179 secra
321 2130 422 2190 polluta
432 2135 518 2182 voert.
533 2130 565 2180 ln
577 2131 672 2193 Esoui-
711 2132 873 2190 praecedo:
902 2133 995 2195 «Quid
1018 2136 1143 2195 proderet
1168 2144 1231 2197 cet,

147 2211 188 2259 liis
227 2217 315 2261 autem
357 2219 435 2263 auter
472 2213 673 2274 sepeliebantur
710 2212 731 2259 si
752 2210 851 2261 tardius
880 2215 1000 2264 morieris
1029 2216 1094 2263 votis
1118 2219 1230 2267 meist»

146 2300 280 2350 pauperes
299 2302 330 2339 oo
351 2293 429 2341 servi.
452 2315 478 2324 -
501 2292 606 2357 nomine
623 2293 672 2341 im-
710 2313 739 2326 -
761 2290 811 2338 «ln
830 2291 896 2349 hoe,
915 2292 1007 2351 inid,
1027 2295 1055 2341 tn
1073 2295 1137 2356 quid
1155 2300 1232 2359 signi-

142 2368 228 2430 pteris
253 2366 321 2430 meo]
352 2370 536 2419 «carminibus
561 2373 614 2420 tuis
634 2372 672 2420 is·
709 2368 790 2418 deant
808 2383 882 2429 rem,
903 2374 1110 2433 propterquam
1130 2374 1231 2437 aliquid

145 2449 259 2495 mosis.»
708 2447 781 2497 ilat.»
801 2448 883 2497 liano
903 2450 981 2500 Ture.
1001 2450 1050 2498 Ill.
1072 2463 1130 2515 pop.
1154 2452 1230 2514 3220„

181 2523 306 2574 ιιι-64.
336 2522 417 2587 Quid]
445 2527 499 2576 ssi
526 2534 551 2579 te
580 2529 669 2579 ulcissi
708 2526 753 2575 ubi
773 2529 953 2587 exemplorum
973 2530 1083 2580 aliatim.

145 2616 200 2653 non
220 2614 347 2664 possunt,
380 2605 445 2666 quid
473 2607 581 2667 prodest
605 2608 669 2657 mihi
743 2605 869 2656 65-θῖ-
889 2606 975 2672 infidi]
996 2608 1092 2658 Catuli.
1108 2608 1153 2667 ot,
1168 2609 1229 2661 aio.

144 2685 215 2747 larga
248 2684 371 2734 mercede
391 2686 538 2737 obtinuisse
568 2691 669 2750 arogis
704 2687 808 2745 periuri
820 2685 934 2748 Pelopis,
949 2690 1011 2750 qula
1028 2686 1057 2738 ιη’
1070 2701 1140 2738 mare
1158 2702 1232 2749 prae·

143 2763 280 2825 Peligna,
300 2770 331 2812 ut
354 2767 503 2816 reconditas
522 2779 583 2815 suas
601 2773 670 2817 ortes
709 2765 827 2824 cipitevit
844 2765 980 2828 Myrtilum
993 2769 1133 2830 aurigam,
1155 2771 1232 2818 euius

145 2854 188 2892 me
212 2842 356 2902 docerent3
385 2846 450 2904 quid
470 2848 542 2895 iurat
559 2858 601 2895 me
624 2859 670 2907 pe·
709 2854 759 2902 ope
777 2844 896 2893 aemulos
924 2847 1021 2896 vicerat
1048 2853 1074 2897 et
1094 2847 1230 2907 Hippoda-

144 2923 223 2971 ritrm
244 2935 302 2973 esse
320 2937 423 2975 venene
439 2925 569 2974 miscendi
583 2925 670 2976 eldea·
709 2924 798 2980 mlum,
819 2920 948 2972 Oenomai
967 2923 1064 2981 liliam,
1097 2926 1124 2972 in
1143 2928 1232 2975 matri·

144 3003 252 3051 sissima
270 3008 297 3052 et
313 3007 471 3063 praesentia,
493 3006 669 3067 quaesierim
708 3002 825 3050 monium
845 3006 994 3062 acceperat.
1032 3003 1149 3053 Alteram
1169 3004 1229 3055 leot.

143 3081 184 3132 vel
215 3080 374 3131 dementiam
403 3082 445 3134 rel
475 3087 587 3133 mortem
607 3083 670 3134 elie-
707 3079 805 3143 infidos
823 3079 983 3141 explicent»
1003 3083 1049 3144 qui
1064 3083 1173 3132 deorum
1191 3097 1231 3134 ar·

143 3160 252 3210 rantra
271 3159 373 3223 Peligni
391 3161 485 3213 Marsis
503 3165 584 3214 vieini
598 3163 670 3213 ideo·
709 3152 773 3209 conr
787 3160 896 3209 consilia
909 3160 1051 3223 evolgavit:
1065 3177 1079 3206 n
1103 3164 1134 3209 ut
1151 3162 1229 3214 orio.

148 3239 367 3302 quereneiieiet
385 3243 435 3301 ipsi
455 3241 548 3291 habiti.
570 3267 601 3276 -
625 3241 670 3289 Ve-
707 3236 961 3298 Am.³‚12,aa:
988 3239 1163 3290 Proditores
1180 3255 1231 3292 me-

141 3313 239 3379 lorius]
258 3319 347 3368 solito.
380 3345 412 3354 -
445 3320 571 3378 testeum]
596 3319 669 3369 ltalts
707 3316 751 3364 dio
773 3315 903 3367 Tantalos
921 3332 996 3368 omne
1014 3320 1089 3368 sitit:
1109 3318 1155 3369 sed
1171 3327 1230 3372 nata

142 3402 237 3452 torro,
270 3410 309 3459 pr.
332 3411 464 3449 venenum
496 3393 594 3460 τόξοις
620 3398 670 3446 illi·
708 3400 748 3444 est
759 3408 789 3445 ex
806 3398 1053 3448 accommodatione
1067 3398 1102 3447 ad
1116 3411 1230 3460 sequens

141 3481 208 3525 tum.
229 3500 261 3510 -
282 3474 343 3539 Sed]
375 3491 389 3521 o
400 3478 591 3528 Verumtamen
612 3475 668 3525 diu·
706 3486 765 3525 roc.
786 3471 873 3539 (infidi
888 3476 954 3525 Cod.
967 3477 1082 3538 Franco.
1099 3490 1112 3526 o
1128 3490 1167 3537 pr.
1182 3492 1229 3539 m,

142 3557 194 3604 tius
216 3557 287 3605 vires
307 3567 388 3615 quam
409 3562 463 3607 tute
482 3567 555 3605 nune
574 3560 666 3616 optes;
706 3565 792 3603 asse.
817 3554 931 3618 infidum
964 3557 1082 3618 itemque
1109 3555 1229 3608 Pottlerii

142 3638 225 3696 mque
244 3635 296 3683 rita
316 3634 363 3683 tibi
386 3637 482 3686 misera
496 3633 668 3697 producenda
706 3630 854 3690 iet13.;
875 3636 972 3692 ceteri,
994 3639 1023 3682 ut
1041 3630 1110 3695 nos.)
1133 3661 1164 3669 -
1189 3636 1229 3685 te·

142 3718 181 3763 est
200 3712 235 3763 ad
256 3712 327 3762 hune
346 3713 435 3772 linem,
458 3720 488 3764 ut
511 3726 616 3774 sempor
633 3714 668 3761 sis
705 3711 828 3772 ntpnos·
840 3709 929 3774 dopm]
950 3715 1101 3775 «copiosae,
1120 3713 1231 3765 effluen-

143 3794 278 3852 expositus
302 3795 377 3843 noris
397 3793 559 3843 eruciatibus
581 3793 667 3852 iisque
708 3792 757 3848 tis,
779 3803 847 3852 quae
867 3803 928 3841 eum
948 3803 1054 3851 semper
1072 3795 1227 3852 circumdat,

142 3869 326 3931 perpetiendis
340 3870 485 3921 sufficias.»
502 3895 530 3905 -
550 3868 667 3919 Alteram
706 3869 752 3917 sed
772 3867 905 3918 trusere.»
934 3893 967 3906 -
995 3870 1127 3934 otlipotor
1158 3871 1228 3935 oliti]

144 3948 297 4006 tectionem,
320 3953 415 4011 utique
434 3949 517 4000 multo
538 3948 667 4011 languidi·
707 3945 853 3997 «obnoxius
880 3946 984 4009 aquiiae
1012 3948 1122 4007 ultrici,
1152 3953 1228 4002 cuius

143 4040 227 4089 orem,
248 4029 298 4079 etsl
319 4028 548 4090 altillenhurgero
567 4028 667 4087 praele-
706 4038 809 4075 morsus
835 4037 896 4075 ase
924 4023 1014 4076 sre'ere
1033 4040 1086 4076 non
1112 4033 1226 4089 potest.»

143 4112 207 4166 tam,
227 4106 257 4155 Si
268 4107 394 4156 tardiora
408 4108 446 4155 sie
459 4106 590 4166 explicent
604 4107 664 4156 aiii:
706 4103 788 4165 Quasi
802 4110 888 4155 esset:
909 4107 962 4154 «ite
980 4104 1100 4168 alligatus
1114 4108 1146 4157 ad
1160 4109 1228 4158 Ceu·

146 4184 269 4247 «Quodsi
300 4186 401 4235 diutius
437 4185 517 4235 vitam
553 4186 665 4236 extrahis
706 4196 816 4243 casum,
843 4189 872 4233 ut
891 4190 1020 4246 perpetuo
1042 4188 1175 4245 expositus
1195 4191 1228 4240 stt
