2854 4824
243 367 269 431 4
610 356 758 410 nomen
778 354 965 409 ciamrnms

370 525 485 606 Hunc,
507 523 535 587 si
558 520 722 586 mobilium
744 492 1040 597 turba²Qui¹riti⁴um

369 642 486 711 Certoi
507 641 701 730 tergeminis
723 640 843 704 tollere
865 634 1061 721 honoribus3

297 860 324 909 7.
344 858 470 908 nobilium
487 854 537 904 bT.
576 855 607 903 lu
626 854 658 903 B.
677 853 812 904 mobilium
830 863 961 913 superior.
981 863 1008 898 u.
1030 874 1060 883 -
1098 848 1124 896 8.
1146 847 1230 898 derret
1249 847 1277 898 S.

244 1065 281 1111 est
301 1059 374 1120 apud
393 1054 510 1107 Groecm
533 1068 617 1119 propo
633 1057 721 1105 maius
742 1060 767 1104 et
783 1050 786 1104 i
801 1055 829 1113 1,
850 1052 877 1112 2,
897 1049 965 1100 181:
992 1049 1197 1111 septemqomino
1209 1074 1240 1084 --
1252 1075 1263 1084 ·
1275 1049 1329 1099 llo·

245 1140 404 1204 pieridum,
433 1150 514 1199 quom
543 1135 643 1185 1100100
671 1135 766 1183 trium·
802 1146 857 1182 mo.
894 1131 966 1193 Virg.
981 1128 1049 1179 Aen.
1070 1128 1096 1190 θ,
1116 1127 1187 1177 2871
1213 1133 1327 1177 centum·

242 1219 348 1280 pirasse.
382 1216 489 1266 Tuscui.
518 1215 551 1275 2,
580 1215 630 1264 16:
658 1211 767 1263 Graecis
804 1212 923 1275 qemirms
951 1209 1095 1262 Briarcus,
1128 1221 1181 1257 uon
1208 1211 1329 1259 «centies

148 1362 150 1365 Ι
247 1297 429 1359 Olympiorum
464 1296 581 1344 victoria
613 1295 767 1344 consulatus
804 1295 945 1355 duplex»,
982 1297 1012 1341 ut
1040 1292 1094 1343 voit
1121 1292 1248 1352 Servius,
1280 1293 1329 1343 sed

244 1377 290 1426 iilo
305 1377 433 1438 antiquus
448 1370 575 1438 videtur.)
611 1373 667 1424 lam
684 1378 768 1422 traua·
806 1376 1017 1424 «centimanus»
1054 1372 1096 1422 vei
1139 1374 1302 1432 «centiceps.
1313 1387 1328 1417 »

245 1458 266 1505 it
283 1455 317 1504 ad
336 1453 475 1515 populares
494 1466 564 1502 suos.
806 1452 884 1514 Quod
900 1457 989 1500 autem
1004 1452 1030 1498 in
1044 1453 1200 1500 contrariam
1222 1455 1330 1501 senten·

280 1533 307 1584 7.
327 1530 418 1594 Hune]
439 1533 572 1582 hominem
589 1531 766 1591 ambitiosum,
805 1535 868 1581 tium
888 1531 1002 1580 aderunt
1021 1530 1148 1581 Martialis
1167 1529 1199 1588 3,
1219 1530 1271 1590 16,
1291 1531 1328 1578 8:

245 1613 338 1673 illum,
359 1614 403 1674 qui
420 1612 517 1662 divitiis
533 1612 701 1674 acquirendis
713 1624 768 1660 ma·
805 1612 841 1659 Ar
859 1610 907 1659 libi
928 1611 1102 1670 terqcmlreum
1115 1612 1212 1671 muqiet
1231 1609 1275 1659 ille
1287 1623 1331 1658 so-

231 1693 284 1755 ,gis
311 1691 413 1750 inhiat,
443 1695 473 1739 ut
498 1690 618 1740 solebant
638 1691 767 1752 equestris
801 1692 879 1752 ploos,
900 1691 1005 1749 proprie
1023 1703 1075 1738 non
1090 1694 1129 1740 est
1145 1691 1194 1737 nisi
1209 1692 1249 1737 ter
1258 1701 1331 1749 repc-

246 1756 403 1832 plerumque
420 1769 518 1819 ordinis
536 1771 722 1832 negotiatores.
734 1794 766 1803 -
805 1772 893 1818 titum.
929 1766 1105 1828 Amplissimos
1124 1769 1277 1828 simpliciter
1294 1770 1330 1816 si-

245 1846 393 1910 mobilium]
415 1862 429 1893 0
437 1849 516 1898 modo
531 1849 609 1909 huic,
629 1850 707 1899 modo
730 1849 767 1898 iiii
806 1851 929 1913 gnificare
954 1850 1055 1911 nequit.
1085 1847 1158 1917 'Qui
1181 1848 1214 1899 de
1234 1844 1331 1908 plausu

243 1930 360 1978 bonores
389 1929 573 1990 largientium,
602 1929 698 1978 multos
727 1942 768 1978 re·
806 1928 926 1979 theatrali
944 1929 1110 1988 interpretati
1129 1933 1206 1985 sunt,
1234 1927 1332 1978 verbo-

245 2009 322 2071 puisa
350 2011 531 2057 nutantium.»
574 2008 643 2069 Epp.
670 2009 696 2067 1,
722 2007 766 2067 19,
806 2022 865 2057 rum
885 2011 1002 2068 ipsorum
1020 2007 1119 2056 nullam
1138 2007 1331 2056 rationemha-

245 2088 296 2139 al:
315 2092 440 2137 ventosae
453 2087 538 2149 plebis
556 2086 701 2151 austrapio.
727 2087 767 2136 De
807 2088 932 2138 buerunt.
954 2113 985 2122 ·-
1008 2083 1164 2148 bonoribus]
1186 2086 1254 2136 Casu
1272 2099 1331 2134 ser·

246 2168 410 2218 comitiorum
439 2167 523 2217 turbis
547 2168 695 2218 luculentos
721 2166 768 2216 ha·
807 2173 852 2227 to,
873 2171 911 2217 uti
933 2167 985 2217 Sal.
1000 2167 1057 2228 lug.
1081 2165 1136 2214 da:
1156 2170 1186 2213 ut
1203 2177 1331 2226 quemquo

246 2247 292 2297 bes
308 2247 378 2296 locos
392 2246 467 2306 apud
483 2247 637 2297 Ciceronem
650 2259 697 2307 pro
708 2245 769 2297 Mu·
785 2294 788 2304 ,
806 2273 817 2282 -
837 2248 976 2308 -pecuuiu
1002 2250 1051 2294 cut
1068 2246 1167 2293 bonore
1185 2244 1329 2292 extulerat.

245 2340 309 2378 rena
341 2326 389 2384 17,
420 2325 473 2375 35:
513 2327 590 2388 Quod
618 2328 688 2376 emim
717 2323 768 2386 fro·
806 2327 870 2377 Tae.
889 2326 959 2376 dun.
979 2326 1015 2386 1,
1035 2324 1065 2373 3:
1095 2323 1236 2372 Claudium
1253 2323 1332 2372 Mar·

245 2412 318 2466 tum,
349 2417 424 2465 quem
447 2405 579 2465 Euripum
601 2410 641 2454 101
662 2409 766 2464 motus,
807 2408 901 2456 cellum
921 2406 1080 2470 pontificatu
1100 2408 1123 2452 el
1142 2403 1230 2451 curuli
1254 2401 1332 2448 aedi-

245 2490 337 2534 tantas
357 2489 414 2533 tom
437 2484 530 2532 uarias
551 2483 645 2532 babere
662 2485 767 2543 putatia
806 2487 936 2536 111010--
957 2483 998 2534 M.
1017 2483 1166 2546 Aqrippom
1184 2479 1331 2542 qomimolis

247 2564 411 2626 operationes
427 2561 569 2627 ductuum,
584 2566 770 2624 quontcsper-
807 2565 987 2615 consulatibus
1001 2563 1106 2612 0010111.
1142 2557 1333 2619 1111111111)-

248 2643 413 2692 turbationes
434 2646 458 2690 et
480 2646 595 2704 quantos
614 2646 702 2691 aestus
724 2641 769 2688 bc·
808 2646 871 2703 ker,
891 2658 938 2704 pro
965 2644 1052 2693 dative
1071 2641 1220 2700 accipiunt,
1240 2642 1270 2686 ut
1296 2639 1333 2686 sit

249 2724 289 2772 bet
307 2721 379 2770 ratio
404 2722 594 2770 comitiorum?
621 2734 669 2782 pro
693 2720 770 2770 Plan·
809 2723 1017 2773 «admoneres»
1054 2721 1127 2784 ligo,
1145 2719 1263 2781 quamvis
1275 2729 1333 2766 nou

249 2802 337 2860 0101,
357 2801 391 2850 a:
411 2800 472 2850 Nou
489 2807 527 2850 est
543 2803 613 2850 euim
630 2801 769 2851 consillum
808 2816 871 2852 usus
881 2805 914 2850 sit
925 2816 950 2852 v.
963 2799 1063 2864 efferre,
1076 2798 1147 2862 quod
1163 2803 1277 2847 metrum
1291 2808 1334 2845 re-

247 2884 277 2931 10
294 2881 393 2942 volpe,
420 2893 476 2927 mort
491 2881 584 2942 ratio,
603 2894 659 2928 000
679 2880 771 2928 diceri·
809 2881 936 2943 spuebat,
967 2879 1013 2931 sed
1042 2880 1199 2941 homonyme
1221 2876 1330 2927 tollere,

248 2972 324 3020 meu,
336 2971 393 3007 riou
405 2959 554 3020 diliqeutia.
566 2985 597 2994 -
617 2959 695 3009 Anno
705 2973 733 3008 u.
745 2971 768 3008 o.
808 2949 916 3011 Salustii
930 2959 1069 3021 Tacitique
1088 2958 1272 3007 auctoritatem
1290 2967 1334 3004 se-

248 3039 311 3090 767.
332 3037 431 3090 Tiberii
446 3040 518 3088 iussu
526 3042 770 3100 primumecompo
808 3043 857 3104 qui
875 3038 965 3088 malui.

250 3120 358 3171 comitio
376 3119 412 3166 od
428 3124 524 3178 potres
540 3121 677 3168 translato
690 3124 769 3169 sunt:
844 3119 871 3167 9.
891 3119 916 3167 Α
933 3117 1063 3167 senatorio
1082 3115 1174 3166 ordine
1193 3114 1287 3163 transit
1299 3112 1334 3162 ad

249 3212 312 3247 uam
334 3198 369 3245 od
390 3209 448 3244 oom
470 3196 538 3246 diem
558 3200 606 3247 etet
629 3201 772 3260 potissimo
810 3199 913 3261 equites
927 3196 969 3247 vel
981 3197 1156 3256 negotiatores
1172 3194 1214 3244 vei
1227 3192 1335 3242 latifun-

251 3277 364 3326 arbitrio
370 3276 518 3336 principis,
539 3279 669 3337 quaedam
682 3283 773 3327 tamem
810 3281 914 3329 diorum
927 3287 1108 3336 possessores,
1129 3272 1225 3323 deinde
1239 3271 1271 3321 ad
1284 3271 1335 3319 ho-

251 3356 347 3405 studiis
364 3355 481 3405 tribuum
495 3354 602 3418 fiebunt.
623 3357 686 3407 Tac.
698 3357 770 3407 Anu.
810 3359 895 3406 mines
916 3356 1076 3411 rusticanos,
1102 3359 1194 3413 postea
1212 3351 1245 3401 ad
1263 3363 1335 3400 mer-

252 3436 287 3495 i,
307 3435 350 3484 15.
811 3441 929 3493 catores,
967 3439 1099 3493 postremo
1130 3432 1163 3480 ad
1192 3444 1253 3489 eos,
1286 3431 1336 3491 qui

286 3510 773 3576 81ον9001101]«1111)0111110111100
811 3527 860 3565 nec
889 3515 1019 3563 honorum
1047 3511 1136 3571 cupidi
1167 3524 1255 3571 neque
1286 3510 1336 3558 ulli

252 3593 467 3657 magistratibus,
498 3596 631 3647 aedilitate
669 3597 771 3653 curuli,
811 3595 932 3658 quaestui
951 3592 1064 3651 addicti,
1084 3603 1132 3639 suo
1152 3591 1265 3652 quisque
1279 3592 1337 3636 stu-

179 3699 183 3707 ·
252 3678 390 3733 praetura,
411 3678 565 3736 consulatu,
587 3676 703 3738 quiduis
718 3682 773 3727 erat
812 3675 855 3723 dio
869 3672 1016 3734 indulgent.
1030 3696 1061 3704 -
1086 3670 1228 3729 Proprium
1241 3679 1338 3728 grana-

252 3752 409 3800 honorum.»
431 3756 605 3819 Terqemiuus
624 3755 776 3805 enimnihil
811 3756 878 3803 rium
910 3751 1053 3812 opponitur
1084 3750 1177 3808 partim
1206 3745 1336 3808 publico,

254 3830 324 3880 aliud
346 3845 425 3893 quam
444 3836 543 3895 triplec
569 3835 714 3896 significat,
745 3838 774 3882 ut
812 3835 906 3894 partim
934 3828 1056 3879 mercede
1081 3824 1222 3874 conducto.
1251 3825 1335 3886 Fuit,

254 3909 325 3969 apud
344 3911 400 3962 Liv.
416 3913 442 3974 6,
461 3914 497 3965 7:
517 3915 673 3976 triqemiuoe
693 3915 775 3961 01010-
813 3913 857 3973 qui
878 3913 934 3959 sine
957 3908 1009 3957 ulia
1027 3918 1104 3956 causa
1126 3903 1339 3963 reprehenderet

254 3989 311 4038 ricc
336 3993 466 4052 triplicem
493 3994 672 4054 triumpbum;
703 3991 774 4052 apud
812 4002 953 4040 numerum
966 3985 1207 4047 singularem,non
1217 3986 1338 4033 sentiens

254 4067 521 4135 Pseudotibulium3‚
539 4073 566 4133 1,
585 4073 617 4121 8:
646 4072 777 4134 70090011-
814 4083 892 4132 quam
919 4071 1050 4130 ingratum
1077 4064 1169 4114 luisset
1188 4064 1310 4123 propriis
1327 4088 1338 4097 ·

253 4161 317 4196 uum
335 4150 441 4203 Cerberi
461 4158 558 4215 capum
587 4152 663 4202 Statii
682 4152 774 4202 Silvar.
813 4149 913 4198 horreis
930 4151 991 4196 ante
1009 4144 1113 4204 Libycis
1126 4142 1207 4190 areis.
1247 4141 1279 4189 in
1293 4156 1336 4195 vv.
