2908 4796
215 341 294 410 730
562 340 748 411 caruccae
779 341 965 392 uouauuuu

215 506 267 557 tae·
281 506 395 555 snorum
415 497 689 554 clivumvocnmut.
730 498 831 554 Horat.
854 497 950 553 Germ.
971 495 1007 563 l,
1028 493 1066 563 2,
1087 495 1134 553 35.
1175 495 1302 554 Martini.

215 586 250 652 1,
270 582 324 652 70,
345 583 381 638 5:
415 581 485 637 lade
504 598 585 638 sucro
603 585 761 639 mactando
779 589 851 653 petes
870 581 1077 637 Polots'oclioe.
1119 579 1178 636 Gir.
1200 581 1304 639 Horat.

214 669 308 741 Epod.
330 671 366 738 7,
387 669 436 724 7.»
476 665 590 724 Becher
609 668 645 724 de
664 668 773 725 Manae
792 671 850 725 vet.
873 667 963 723 mutis
982 680 1011 736 p.
1027 664 1075 721 28.
1234 734 1239 745 ¹

288 752 365 808 ibid.
387 752 450 808 Lib.
473 752 523 808 IV.
545 751 642 810 Caum.
664 750 700 822 l,
720 752 768 809 29.
809 751 906 808 Fortes
925 756 1054 807 crocatm
1072 751 1191 818 fortilca
1210 759 1236 806 ct
1256 752 1307 806 bo-

215 837 270 913 ols]
302 838 422 895 Videtur
441 836 587 908 respicere
605 838 644 893 ed
663 852 823 907 cognomen
843 835 979 899 Neronis,
1001 851 1059 906 quo
1078 835 1161 891 multi
1180 851 1197 891 e
1217 834 1305 892 Clan-

215 923 271 981 diis
291 923 335 979 usi
355 926 432 979 sunt.
480 922 561 979 Suet.
583 922 647 978 Tib.
670 921 705 977 1:
738 921 816 978 later
834 923 999 994 cognomino
1027 926 1119 976 melem
1138 927 1165 975 ct
1181 919 1305 976 Neronis

214 1009 373 1079 osmmptit,
395 1023 449 1078 quo
467 1008 641 1080 significetur
660 1005 879 1080 bopaoSobiac
897 1007 978 1075 sectis
992 1012 1018 1060 et
1029 1011 1166 1060 chenese
1191 1002 1251 1076 (R.)
1269 1032 1303 1046 -

212 1092 283 1151 iiihi
304 1092 428 1149 eruditio
447 1093 502 1149 ista
520 1092 630 1148 Sabina
649 1093 686 1149 ab
706 1092 833 1148 Horatio
847 1092 961 1148 videtur
981 1091 1088 1146 aliena.

288 1177 363 1233 Ibid.
385 1176 481 1233 Carm.
502 1177 537 1242 8,
561 1176 607 1234 15.
640 1193 697 1233 eon
722 1179 818 1234 celeres
849 1180 932 1248 sapae
951 1175 1125 1245 deiectaeque
1151 1180 1308 1229 retrorsum

212 1262 383 1319 Hannibalis
402 1264 512 1327 minoe,
534 1260 598 1320 Noa
616 1263 744 1319 iacmdio
762 1260 948 1334 Karthaginis
967 1262 1071 1332 impiae
1089 1257 1161 1332 cet]
1194 1258 1306 1316 Novam

213 1347 415 1403 difficillimum
436 1347 512 1402 hunc
532 1349 628 1403 locum
646 1350 676 1402 et
695 1346 864 1404 vindicandi
883 1350 912 1402 et
929 1344 1140 1416 interpretandi
1160 1345 1239 1400 riam
1259 1345 1305 1400 in·

214 1447 330 1501 gressum
349 1436 394 1488 est
412 1431 490 1488 Frid.
513 1429 632 1488 Gerher.
663 1430 882 1488 Sondershusae
904 1428 989 1485 tela.
1001 1452 1017 1498 ,·
1033 1429 1114 1485 cuins
1132 1443 1233 1485 curem
1252 1430 1304 1485 be-

215 1517 304 1586 nigne
323 1532 436 1573 mecum
454 1517 697 1575 communicatam
717 1521 785 1573 tunc
806 1516 921 1571 demum
940 1514 1062 1585 accepi,
1082 1530 1147 1569 cnm
1166 1514 1223 1570 hoc
1240 1516 1305 1571 c'ar-

213 1617 280 1657 men
302 1602 377 1674 typis
406 1602 464 1658 iam
492 1615 667 1672 expressum
699 1606 788 1657 esset.
827 1600 904 1656 Ante
923 1600 1021 1656 omnia
1052 1599 1125 1655 nihil
1157 1599 1304 1656 excidisse
1383 1595 1389 1599 ’

215 1687 312 1742 statuit
332 1686 408 1742 iuter
427 1702 473 1742 vv.
495 1686 542 1742 17.
555 1690 584 1741 et
599 1685 665 1755 te,
687 1686 875 1758 reprehensis
896 1684 1043 1740 asteriscis
1062 1684 1135 1739 meis
1154 1687 1184 1739 et
1203 1684 1302 1739 distri-

214 1770 332 1826 butione
345 1770 506 1825 carminum
521 1769 780 1841 Asclepiadeorum
799 1770 829 1825 iu
848 1767 1080 1848 recommonens,
1100 1768 1132 1824 in
1151 1769 1304 1840 quaequi-

215 1857 281 1912 dem
301 1854 477 1922 bleinechii,
497 1854 551 1910 viri
571 1858 613 1911 rei
632 1856 771 1912 metricus
792 1854 980 1926 peritissimi,
1001 1855 1303 1925 exemplum'secntus

216 1956 301 2009 sum,
333 1939 416 1996 cuius
443 1939 600 1995 editionem
621 1940 690 2012 ille,
724 1941 765 1997 uti
788 1943 927 2011 apparet,
962 1955 1020 1995 nen
1040 1939 1121 1995 vidit.
1147 1938 1304 2009 ¹llelutatis

215 2026 345 2083 aliorum¹
375 2024 550 2081 coniectoris
583 2041 721 2096 meoque,
750 2031 782 2082 nt
814 2026 873 2094 ait,
907 2028 1087 2094 commento,
1119 2025 1157 2079 ita
1191 2024 1304 2095 pergit:

217 2110 294 2167 «Nisi
314 2109 457 2176 tallimur,
478 2113 563 2181 polita
583 2110 656 2166 nihil
675 2111 753 2166 aliud
774 2111 805 2165 iu
826 2110 922 2166 auimo
943 2109 1063 2178 habuit,
1085 2123 1173 2179 quam
1193 2110 1306 2180 simpli-

214 2194 726 2266 cemhaneseuteutiamerplioare:
749 2196 855 2251 inter
875 2195 1010 2264 omnia,
1032 2195 1172 2265 quibus
1192 2194 1306 2251 homi-

216 2295 283 2336 nes
304 2281 445 2336 tamam
466 2280 640 2336 virerum
667 2282 771 2337 bene
790 2281 1022 2336 meritorum
1039 2280 1087 2334 ad
1110 2283 1304 2350 posteros

215 2370 457 2436 propagatum
476 2365 718 2435 iricredunt,
733 2366 907 2421 carmina
926 2365 1084 2435 primum
1104 2369 1237 2420 teuent
1256 2366 1306 2419 lo-

215 2466 303 2509 cum.
314 2449 397 2517 Quod
409 2450 491 2506 sesic
502 2450 620 2520 habere,
635 2465 746 2506 eversu
755 2450 803 2506 28.
816 2449 1017 2520 perspicimus,
1033 2449 1081 2519 qui
1091 2449 1306 2505 breviteridcm

214 2537 317 2593 deceta
338 2535 461 2607 Dignam
481 2536 562 2593 laude
580 2537 672 2591 otram
691 2535 774 2594 ussa
792 2542 866 2591 octat
885 2535 981 2591 morit
1016 2533 1074 2591 Usu
1094 2534 1172 2590 enim
1192 2535 1220 2589 ei
1240 2538 1305 2589 erat

213 2620 383 2690 probatum,
416 2623 511 2675 cetera
531 2621 627 2675 omnia
649 2617 726 2674 iluxa
755 2634 820 2675 esse
840 2622 869 2674 et
888 2620 1018 2689 caduca,
1051 2620 1183 2674 carmine
1202 2619 1266 2673 sola
1286 2634 1305 2673 a

214 2703 350 2773 temporis
381 2702 489 2757 iniuria
514 2706 587 2757 tuta.
629 2702 728 2773 Quare
759 2704 848 2758 etiam
868 2701 988 2759 Ovidius
1018 2701 1106 2757 dicit:
1147 2703 1306 2775 Diffugiunt

214 2788 312 2844 acidos
331 2787 459 2842 carmine
477 2787 539 2841 selo
558 2789 659 2858 regor!
699 2787 760 2844 lam
780 2804 849 2843 vero
869 2804 934 2844 cum
949 2788 1088 2844 Horatius
1108 2803 1179 2859 prae
1199 2789 1306 2845 ceteris

216 2875 343 2940 amaret,
370 2871 401 2926 iu
422 2871 587 2927 universum
607 2873 732 2942 cogitata
752 2874 788 2929 ad
810 2873 968 2943 singularia
988 2876 1143 2944 exempla,
1165 2874 1226 2931 sive
1246 2874 1306 2929 iu-

215 2955 403 3025 dividua,
438 2970 512 3026 quas
533 2956 650 3027 dicunt,
682 2973 838 3028 revocare,
869 2959 917 3014 hic
937 2974 1055 3029 quoque
1080 2973 1305 3016 suummerem

215 3045 331 3101 secutus
362 3041 392 3097 in
413 3042 500 3097 rebus
528 3042 578 3097 din
597 3043 742 3098 duraturis
775 3044 900 3114 primum
932 3043 1028 3114 posuit
1046 3046 1176 3112 statuas,
1214 3045 1306 3100 titulis

216 3127 304 3183 etiam
323 3126 483 3197 posteritati
517 3130 705 3196 narraturus,
737 3130 839 3199 quales
858 3130 906 3185 isti
926 3127 979 3186 riri
1009 3130 1078 3185 olim
1098 3131 1238 3199 luissent,
1271 3131 1303 3186 iu

218 3227 338 3282 qaorum
359 3212 497 3268 honorem
516 3216 614 3267 esseut
631 3217 764 3279 erectae;
786 3214 891 3269 deiude
906 3230 953 3270 res
966 3229 1087 3284 magnas
1101 3216 1178 3271 helle
1193 3220 1303 3284 gestas.

214 3296 269 3351 His
289 3300 384 3352 autem
398 3297 531 3368 opposuit
551 3298 690 3367 carmina,
713 3303 743 3354 ut
763 3314 837 3370 quae
857 3300 920 3369 ipsa
940 3300 1126 3369 immortalia,
1148 3317 1198 3356 eos
1216 3302 1305 3358 etiam

216 3381 393 3438 immortales
413 3382 584 3451 redderent,
607 3398 727 3452 quorum
741 3384 842 3440 landes
857 3385 1049 3440 celebrarent.
1081 3384 1126 3440 Ex
1146 3401 1202 3456 quo
1216 3387 1305 3442 elficit

217 3465 383 3535 antithesin,
405 3482 500 3538 quam,
524 3468 559 3522 ad
581 3470 797 3538 praevalentem
819 3469 850 3524 iu
870 3469 1044 3539 pensitaudo
1064 3469 1226 3525 carminum
1246 3470 1304 3526 vim

217 3552 413 3621 probandam,
435 3567 470 3607 ee
488 3551 682 3608 efficaciorem
702 3554 825 3610 loturam
844 3568 909 3609 esse
928 3554 1081 3623 sperabat,
1113 3569 1169 3624 quo
1189 3556 1305 3622 gravior

217 3639 247 3691 et
266 3635 415 3691 onerosior
444 3639 521 3692 esset
539 3651 586 3701 res
606 3638 637 3692 in
656 3639 748 3700 altera
777 3639 870 3694 librae
900 3638 984 3693 lauce
1013 3639 1120 3709 posita.
1160 3639 1305 3694 Intererat

216 3721 302 3790 igitur
321 3721 450 3790 Horatii,
485 3722 571 3776 rebus
597 3722 642 3777 his
670 3724 746 3779 hello
767 3723 855 3792 gestis
886 3738 971 3794 quam
1004 3725 1162 3779 maximum
1194 3725 1303 3780 addere

216 3808 349 3876 pondus,
378 3809 490 3862 etcum
512 3808 706 3878 intelligeret,
738 3809 767 3864 id
790 3813 847 3864 turn
869 3809 1029 3864 certissime
1049 3826 1081 3864 se
1101 3825 1166 3865 esse
1185 3800 1304 3865 ellectu-

217 3906 296 3962 rum,
331 3908 395 3947 cum
425 3893 532 3948 illaad
554 3908 606 3961 ea,
642 3909 716 3964 quae
734 3894 856 3963 Romani
882 3894 1024 3951 adversus
1047 3893 1304 3963 Carthaginienses

218 3976 389 4045 gessissent,
418 3978 557 4046 referret,
584 3978 698 4034 cladem
718 3977 892 4036 Hannibalis
912 3984 940 4036 et
959 3980 1097 4035 incendia
1118 3978 1303 4049 Carthaginis

218 4063 363 4130 tamquam
382 4062 617 4132 splendidissima
637 4063 758 4134 gloriae,
780 4080 866 4135 quam
887 4067 946 4122 ullo
967 4074 1095 4136 tempore
1115 4065 1239 4120 Romani
1258 4079 1305 4119 re-

216 4147 418 4214 portaverunt,
453 4148 587 4217 exempla
606 4149 763 4218 proposuit.
802 4150 876 4206 'Nam
898 4152 974 4208 iuter
992 4164 1092 4206 omnes
1113 4165 1179 4218 res,
1207 4165 1225 4205 a
1245 4150 1302 4206 Re
