2950 4810
186 301 268 370 328
567 301 714 352 bonomi
735 298 920 352 flauminum

313 462 445 552 Regum
467 460 686 527 timendorum
708 461 744 524 iu
764 460 921 545 proprios
942 476 1086 548 greges,
1245 459 1265 519 5

313 584 431 674 Reges
452 584 487 647 in
509 584 604 667 ipsos
623 585 793 668 imperium
816 588 875 649 est>
892 586 986 651 Iovis
1085 596 1089 603 ’

355 702 446 774 Cleri
468 702 637 793 Giganteo
660 705 845 790 triumpho,

399 822 530 894 Cuncta
551 828 731 911 supercilio
753 828 929 890 moventis.

313 987 396 1073 uss,
418 989 455 1052 ut
477 986 551 1052 viro
574 987 628 1050 vir
648 986 749 1050 latius
771 983 912 1050 ordinet.

313 1109 465 1175 Arbuste
487 1108 607 1190 sulcis,
629 1106 682 1172 bie
704 1107 903 1196 generosior

356 1228 551 1297 Descendot
572 1229 607 1293 in
629 1228 786 1315 Campum
809 1229 955 1311 petitor,

238 1409 266 1460 e.
285 1408 369 1465 Esto,
389 1411 420 1456 ut
438 1405 555 1456 malebat
572 1404 718 1456 Bentleius.

186 1565 250 1625 tuot,
270 1570 296 1614 et
315 1563 479 1613 caerimonia
497 1561 627 1614 nemum,
647 1574 708 1624 quo·
747 1566 809 1610 runt
839 1555 883 1622 (tn
909 1557 1006 1622 quibus
1030 1555 1198 1625 Boetttger)‚
1223 1572 1269 1621 qut

184 1655 247 1693 rum
263 1643 317 1704 ipat
333 1643 363 1690 tu
384 1644 515 1702 potestate
544 1647 606 1690 sunt
624 1651 707 1701 eecce.
747 1643 895 1689 statuerent
911 1637 1012 1687 notium
1022 1649 1130 1698 prorsus
1149 1650 1270 1688 essene·

221 1721 248 1771 e.
264 1721 292 1772 7.
314 1721 345 1769 in
361 1717 594 1782 ipsoaimpertum]
613 1719 709 1770 Nescio
748 1732 808 1769 xum
830 1721 900 1785 inter
920 1730 961 1768 vv.
982 1715 1074 1766 5-8.
1097 1720 1124 1766 et
1139 1729 1269 1779 essonae

185 1813 233 1852 eor
250 1813 385 1851 nonnemo
412 1798 540 1848 dubitarit
564 1798 597 1847 de
629 1799 709 1846 buius
747 1803 906 1860 sequuntur.
936 1796 1037 1854 Verum
1060 1808 1124 1845 sene
1143 1797 1181 1845 sic
1198 1807 1270 1855 oro·

185 1881 388 1931 constructionis
424 1879 577 1928 Lettnitote.
619 1878 707 1927 Ptnnt.
749 1877 848 1929 cedunt
872 1878 1074 1937 iungunturque
1096 1876 1268 1926 sententiret

184 1958 259 2010 Men.
273 1960 300 2016 5,
314 1959 342 2015 7,
360 1956 410 2009 te:
431 1957 459 2006 St
476 1957 549 2021 quod
561 1958 657 2018 impert
674 1963 711 2006 est
749 1955 815 2006 «Vei
835 1957 886 2015 ipsi
912 1967 1006 2016 reges,
1035 1956 1082 2014 qui
1101 1955 1179 2014 primi
1201 1955 1270 2001 inter

184 2039 215 2087 tu
232 2038 258 2086 te
275 2038 347 2086 mibi.
368 2037 442 2087 Pers.
456 2034 483 2096 3,
497 2038 522 2097 1,
537 2038 589 2087 15:
608 2036 707 2090 Meum,
748 2035 871 2084 mortales
896 2033 1032 2082 ducuntur
1047 2039 1074 2082 et
1096 2032 1270 2094 ooprriaribus

183 2117 289 2177 eomer,
303 2117 443 2177 imperium
456 2116 486 2165 tu
496 2120 530 2168 te,
552 2128 608 2164 uon
624 2116 654 2164 iu
670 2127 711 2163 ute
747 2117 801 2164 suis
816 2116 937 2164 timorem
956 2114 1099 2179 incutiunt,
1112 2125 1215 2162 summo
1228 2112 1271 2161 to·

184 2193 233 2242 tibi
249 2197 295 2242 est.
322 2194 375 2244 Cir.
391 2194 507 2244 Lubker.
528 2219 559 2228 —
581 2193 710 2258 Giganteo
748 2196 786 2244 vis
806 2195 918 2253 imperio
937 2192 1050 2242 subiecti
1072 2197 1151 2242 sunt:
1172 2193 1271 2255 pariter

183 2270 327 2335 triumpho]
340 2285 393 2334 quo
406 2273 463 2333 ipse
478 2271 621 2335 legitimum
639 2273 710 2323 orbis
749 2283 865 2333 quoque
878 2271 1043 2331 locupletes,
1066 2272 1203 2334 generosi,
1224 2282 1271 2330 po·

183 2357 314 2401 terrerum
342 2354 477 2414 totiusque
503 2351 595 2401 muudi
626 2354 710 2414 impe·
748 2353 888 2404 tentisstmi
911 2351 1096 2413 quiqueioter
1113 2349 1271 2400 eeterosbo·
1296 2412 1299 2417 ἱ

183 2431 501 2491 rtumadeptuserat.-
530 2431 616 2481 Curru
627 2435 654 2480 in
665 2432 710 2481 Gi·
749 2434 832 2481 mines
856 2430 1013 2481 Necessitati
1046 2428 1270 2489 perarmemus

184 2514 292 2572 uentum
313 2515 398 2573 strage
416 2512 549 2560 invectum
562 2512 651 2562 Iovem
667 2525 709 2562 ex·
748 2514 818 2562 iusso
839 2523 929 2560 severa
949 2509 1043 2560 eadem
1062 2522 1127 2558 sane
1148 2512 1210 2557 suot
1231 2512 1270 2556 et·

184 2587 258 2639 bibet
275 2589 478 2639 Wiocketmono
499 2590 574 2640 Meu.
588 2592 657 2640 iued.
680 2604 707 2651 p.
749 2602 801 2652 que
819 2588 888 2638 lons
907 2590 1024 2649 supremi
1043 2589 1213 2647 imperium.»

183 2665 210 2715 e.
230 2666 264 2717 N.
279 2666 314 2715 X.
334 2667 425 2718 Museo
442 2669 559 2725 Borbou.
574 2670 597 2717 1.
616 2670 648 2718 Τ.
663 2668 707 2718 53.
781 2667 808 2716 u.
827 2666 884 2728 Est,
902 2663 943 2728 ut]
964 2661 1078 2727 «ἔστιν,
1103 2659 1183 2727 ὅπως
1195 2663 1281 2723 κτλ,4

183 2746 307 2806 lnopuer
320 2747 445 2796 imberbis
459 2749 567 2799 Titanas
587 2748 709 2798 iutmtnot
746 2760 797 2796 usu
810 2748 894 2805 venit,
907 2752 938 2796 ut
949 2747 1016 2797 atius
1034 2747 1108 2796 alio»
1129 2749 1179 2794 eet.
1214 2743 1268 2793 Cir.

183 2827 211 2873 tn
254 2839 357 2887 gemme
397 2827 469 2887 opud
509 2827 709 2890 Sebiicbtegroti
747 2827 816 2885 Epo.
838 2826 865 2886 1,
884 2827 928 2886 12,
943 2826 969 2875 3.
995 2825 1211 2886 *uQuotecuoque
1230 2829 1272 2873 est

183 2895 288 2952 Pterres
310 2918 353 2967 ον.
374 2906 406 2955 Τ.
425 2907 468 2955 20.
490 2907 559 2956 Hine
575 2907 707 2956 Lucienus
747 2909 817 2955 iuter
834 2906 957 2956 mortales
976 2906 1128 2963 discrimen,
1153 2909 1182 2952 ut
1202 2904 1270 2953 elius

183 2982 252 3031 Tim.
272 2982 299 3031 i.
331 2983 435 3035 deridet
460 2988 516 3036 eius
545 2985 663 3045 cpitbcta
692 2998 707 3034 n
747 2986 1069 3035 excelletiatiiundiorum
1092 2986 1270 3043 possessione,

183 3064 269 3122 poetis
288 3071 414 3125 usurpato
428 3063 645 3132 Γιγαντολέτωρ
657 3064 708 3113 καὶ
746 3067 850 3127 generis
869 3066 1005 3116 nobilitate
1019 3065 1098 3125 otius,
1120 3064 1189 3114 attus
1206 3070 1271 3122 ‘pro-

182 3140 417 3213 Τιτανοκράτωρ.
747 3143 828 3194 bttate
850 3158 965 3202 morum,
987 3145 1055 3193 otius
1074 3157 1165 3194 rursus
1185 3141 1271 3211 elteri·

216 3219 243 3267 8.
268 3220 419 3283 supercilio]
440 3222 516 3272 Itiod.
536 3238 570 3280 α,
591 3213 710 3271 euertit
746 3228 802 3271 tum
830 3223 1023 3282 multitudine,
1062 3236 1152 3273 omnes
1180 3228 1270 3272 tamen

182 3299 232 3348 καὶ
246 3303 405 3371 κυανέῃσιν
425 3296 468 3349 ἐπ’
486 3298 601 3364 ὀφρύσι
621 3297 708 3350 νεῦσε
745 3314 831 3364 aeque
859 3309 953 3363 parent
977 3314 1118 3362 supremae
1147 3301 1271 3352 Necessi-

182 3376 324 3447 Κρονίων
344 3372 633 3449 Ἃμβρόσιαιὸὀῖρα
645 3384 707 3439 χαί·
745 3384 821 3431 tati.»
835 3409 864 3418 -
887 3380 981 3445 tetius}
1003 3383 1093 3432 «Fieri
1116 3386 1214 3442 potest.
1240 3385 1272 3429 ut

181 3472 230 3508 ται
247 3453 458 3529 ἐνερῥώσαντο
477 3454 607 3520 ἄνακτος
630 3457 707 3526 Κρα-
745 3461 841 3522 atiquts
860 3473 907 3522 ner
931 3460 1102 3524 ampliorem,
1123 3474 1201 3524 quem
1224 3460 1269 3510 etii

181 3533 234 3598 τὸς
245 3533 293 3586 ἀπ’
305 3533 481 3588 ἀθανάτοιο·
501 3538 597 3602 μέγαν
613 3535 635 3585 δ’
649 3535 707 3585 ἑλέ·
745 3540 853 3597 hebent,
877 3540 987 3590 tondum
1004 3536 1079 3591 seret
1092 3543 1158 3591 vites
1176 3545 1202 3590 et
1214 3540 1270 3589 ete·

180 3609 258 3675 λιξεν
272 3609 435 3680 Ὄλυμπον.
463 3615 559 3671 Catull-
577 3615 621 3673 64,
635 3615 704 3663 2041
745 3632 800 3671 as.»
821 3620 924 3670 Cotum.
946 3620 972 3679 3,
996 3620 1048 3668 13:
1068 3627 1116 3670 aut
1134 3620 1270 3669 scrobibus

180 3688 283 3740 Annuit
306 3694 404 3742 invicte
435 3696 576 3745 caelestum
602 3695 708 3742 numine
745 3703 794 3747 eut
809 3699 888 3747 eutois
910 3701 1002 3749 vineoe
1031 3699 1183 3762 plerumque
1207 3711 1271 3747 ceu-

180 3777 287 3827 reetcr‚
321 3769 379 3833 Quo
398 3779 461 3822 tune
489 3781 514 3823 et
532 3774 610 3823 tettue
629 3778 707 3836 atqcte
745 3782 879 3827 seruntur.
892 3778 1048 3838 -orcttuctl
1069 3780 1116 3826 «in
1137 3780 1270 3839 quincun-

181 3849 292 3898 borrtdo
328 3857 542 3903 contremuerunt
580 3850 707 3914 Aequora
745 3869 803 3907 cem
826 3863 924 3908 serat.»
945 3857 1074 3909 Varrolt.
1094 3858 1127 3907 R.
1148 3858 1174 3918 1,
1197 3859 1225 3917 7,
1240 3858 1267 3907 2.

139 3978 143 3989 ¹
181 3931 363 3991 concussitque
378 3934 509 3982 mtcoutio
520 3933 613 4001 sidere·
630 3946 707 3981 muu·
780 3937 823 3984 10.
838 3935 882 3984 11.
895 3934 1024 3999 Arbuste]
1039 3941 1151 3988 menime
1163 3940 1268 3988 vineoe.

181 4005 241 4054 due.
272 4007 344 4071 virg.
370 4011 438 4061 Aen.
464 4012 498 4071 e,
522 4012 592 4062 106:
621 4017 707 4062 tetum
744 4014 986 4078 Virg.liet.3‚10:
1009 4030 1068 4065 cum
1081 4012 1268 4068 meurbuetum

179 4090 245 4137 uutu
265 4087 405 4149 tremefecit
425 4087 575 4154 Olympum.
593 4119 620 4130 -
636 4093 706 4144 Fue·
743 4095 831 4144 uidere
854 4095 967 4147 Miceuts
992 4095 1089 4161 Atque*
1102 4097 1177 4146 muto
1202 4095 1268 4145 uites
