<?xml version="1.0" encoding="UTF-8"?>
<!DOCTYPE html PUBLIC "-//W3C//DTD XHTML 1.0 Transitional//EN"
    "http://www.w3.org/TR/xhtml1/DTD/xhtml1-transitional.dtd">
<html xmlns="http://www.w3.org/1999/xhtml" xml:lang="en" lang="en">
 <head>
  <title>
</title>
<meta http-equiv="Content-Type" content="text/html;charset=utf-8" />
  <meta name='ocr-system' content='tesseract 3.04.00' />
  <meta name='ocr-capabilities' content='ocr_page ocr_carea ocr_par ocr_line ocrx_word'/>
</head>
<body>
  <div class='ocr_page' id='page_1' title='image "./qhoratiusflaccu02orelgoog_0104.png"; bbox 0 0 2900 4820; ppageno 0'>
   <div class='ocr_carea' id='block_1_1' title="bbox 558 328 869 381">
    <p class='ocr_par' dir='ltr' id='par_1_1' title="bbox 558 328 869 381">
     <span class='ocr_line' id='line_1_1' title="bbox 558 328 869 381; baseline 0.01 -2"><span class='ocrx_word' id='word_1_1' title='bbox 558 328 624 379; x_wconf 73' lang='lat' dir='ltr'><strong>iim</strong></span> <span class='ocrx_word' id='word_1_2' title='bbox 642 328 666 379; x_wconf 88' lang='lat' dir='ltr'><strong>i.</strong></span> <span class='ocrx_word' id='word_1_3' title='bbox 705 328 736 381; x_wconf 84' lang='lat' dir='ltr'><strong>G.</strong></span> <span class='ocrx_word' id='word_1_4' title='bbox 756 328 833 381; x_wconf 78' lang='lat' dir='ltr'><strong>XIV.</strong></span> <span class='ocrx_word' id='word_1_5' title='bbox 865 358 869 363; x_wconf 89' lang='lat'><strong>·</strong></span> 
     </span>
    </p>
   </div>
   <div class='ocr_carea' id='block_1_2' title="bbox 325 491 986 829">
    <p class='ocr_par' dir='ltr' id='par_1_2' title="bbox 325 491 986 829">
     <span class='ocr_line' id='line_1_2' title="bbox 326 491 982 579; baseline 0.006 -25"><span class='ocrx_word' id='word_1_6' title='bbox 326 491 445 556; x_wconf 81' lang='lat' dir='ltr'><strong>lactes</strong></span> <span class='ocrx_word' id='word_1_7' title='bbox 466 493 499 554; x_wconf 89' lang='lat' dir='ltr'><strong>et</strong></span> <span class='ocrx_word' id='word_1_8' title='bbox 520 507 629 579; x_wconf 81' lang='lat' dir='ltr'><strong>genua</strong></span> <span class='ocrx_word' id='word_1_9' title='bbox 647 494 682 555; x_wconf 90' lang='lat' dir='ltr'><strong>et</strong></span> <span class='ocrx_word' id='word_1_10' title='bbox 703 508 824 557; x_wconf 87' lang='lat' dir='ltr'><strong>nomen</strong></span> <span class='ocrx_word' id='word_1_11' title='bbox 846 492 982 577; x_wconf 85' lang='lat' dir='ltr'><strong>inutile,</strong></span> 
     </span>
     <span class='ocr_line' id='line_1_3' title="bbox 325 610 986 700; baseline 0.003 -23"><span class='ocrx_word' id='word_1_12' title='bbox 325 611 384 677; x_wconf 92' lang='lat' dir='ltr'><strong>Nil</strong></span> <span class='ocrx_word' id='word_1_13' title='bbox 408 612 506 696; x_wconf 84' lang='lat' dir='ltr'><strong>pletis</strong></span> <span class='ocrx_word' id='word_1_14' title='bbox 527 610 660 677; x_wconf 83' lang='lat' dir='ltr'><strong>timidus</strong></span> <span class='ocrx_word' id='word_1_15' title='bbox 680 612 796 678; x_wconf 83' lang='lat' dir='ltr'><strong>navita</strong></span> <span class='ocrx_word' id='word_1_16' title='bbox 819 612 986 700; x_wconf 79' lang='lat' dir='ltr'><strong>puppibus</strong></span> 
     </span>
     <span class='ocr_line' id='line_1_4' title="bbox 372 730 781 829; baseline 0.005 -33"><span class='ocrx_word' id='word_1_17' title='bbox 372 730 473 796; x_wconf 79' lang='lat' dir='ltr'><strong>Fidit.</strong></span> <span class='ocrx_word' id='word_1_18' title='bbox 493 732 562 829; x_wconf 75' lang='lat' dir='ltr'><strong>&#39;l&#39;u²</strong></span> <span class='ocrx_word' id='word_1_19' title='bbox 583 733 647 798; x_wconf 84' lang='lat' dir='ltr'><strong>nlsl</strong></span> <span class='ocrx_word' id='word_1_20' title='bbox 668 734 781 798; x_wconf 85' lang='lat' dir='ltr'><strong>ventis</strong></span> 
     </span>
    </p>
   </div>
   <div class='ocr_carea' id='block_1_3' title="bbox 324 853 1031 1099">
    <p class='ocr_par' dir='ltr' id='par_1_3' title="bbox 324 853 1031 1099">
     <span class='ocr_line' id='line_1_5' title="bbox 414 853 856 954; baseline 0.009 -36"><span class='ocrx_word' id='word_1_21' title='bbox 414 853 528 920; x_wconf 84' lang='lat' dir='ltr'><strong>Debes</strong></span> <span class='ocrx_word' id='word_1_22' title='bbox 548 853 740 954; x_wconf 77' lang='lat' dir='ltr'>ludibrium</span> <span class='ocrx_word' id='word_1_23' title='bbox 762 873 856 922; x_wconf 77' lang='lat' dir='ltr'><strong>eave</strong></span> 
     </span>
     <span class='ocr_line' id='line_1_6' title="bbox 324 1013 1031 1099; baseline 0.003 -20"><span class='ocrx_word' id='word_1_24' title='bbox 324 1013 444 1098; x_wconf 83' lang='lat' dir='ltr'><strong>Nuper</strong></span> <span class='ocrx_word' id='word_1_25' title='bbox 465 1013 640 1080; x_wconf 85' lang='lat' dir='ltr'><strong>sollicitum</strong></span> <span class='ocrx_word' id='word_1_26' title='bbox 663 1032 748 1099; x_wconf 86' lang='lat' dir='ltr'><strong>quae</strong></span> <span class='ocrx_word' id='word_1_27' title='bbox 771 1013 847 1080; x_wconf 86' lang='lat' dir='ltr'><strong>mihi</strong></span> <span class='ocrx_word' id='word_1_28' title='bbox 868 1014 1031 1098; x_wconf 86' lang='lat' dir='ltr'><strong>taedium,</strong></span> 
     </span>
    </p>
   </div>
   <div class='ocr_carea' id='block_1_4' title="bbox 136 1424 1241 3943">
    <p class='ocr_par' dir='ltr' id='par_1_4' title="bbox 136 1424 1241 3943">
     <span class='ocr_line' id='line_1_7' title="bbox 136 1424 1227 1489; baseline 0.002 -12"><span class='ocrx_word' id='word_1_29' title='bbox 136 1424 190 1489; x_wconf 76' lang='lat' dir='ltr'><strong>tile]</strong></span> <span class='ocrx_word' id='word_1_30' title='bbox 212 1427 317 1477; x_wconf 82' lang='lat' dir='ltr'><strong>Etiam</strong></span> <span class='ocrx_word' id='word_1_31' title='bbox 340 1425 369 1475; x_wconf 90' lang='lat' dir='ltr'><strong>in</strong></span> <span class='ocrx_word' id='word_1_32' title='bbox 390 1425 431 1475; x_wconf 80' lang='lat' dir='ltr'><strong>hir</strong></span> <span class='ocrx_word' id='word_1_33' title='bbox 447 1425 537 1476; x_wconf 85' lang='lat' dir='ltr'><strong>turber</strong></span> <span class='ocrx_word' id='word_1_34' title='bbox 560 1427 680 1478; x_wconf 75' lang='lat' dir='ltr'><strong>nonnulli</strong></span> <span class='ocrx_word' id='word_1_35' title='bbox 718 1425 762 1475; x_wconf 86' lang='lat' dir='ltr'><strong>bie</strong></span> <span class='ocrx_word' id='word_1_36' title='bbox 773 1429 864 1475; x_wconf 85' lang='lat' dir='ltr'><strong>antem</strong></span> <span class='ocrx_word' id='word_1_37' title='bbox 877 1426 971 1476; x_wconf 86' lang='lat' dir='ltr'><strong>misoet</strong></span> <span class='ocrx_word' id='word_1_38' title='bbox 982 1425 1048 1477; x_wconf 81' lang='lat' dir='ltr'><strong>duat</strong></span> <span class='ocrx_word' id='word_1_39' title='bbox 1062 1430 1227 1479; x_wconf 77' lang='lat' dir='ltr'><strong>constructio</strong></span> 
     </span>
     <span class='ocr_line' id='line_1_8' title="bbox 139 1503 1239 1568; baseline 0 -11"><span class='ocrx_word' id='word_1_40' title='bbox 139 1510 321 1558; x_wconf 73' lang='lat' dir='ltr'><strong>concitarunt</strong></span> <span class='ocrx_word' id='word_1_41' title='bbox 341 1516 393 1554; x_wconf 86' lang='lat' dir='ltr'><strong>neo</strong></span> <span class='ocrx_word' id='word_1_42' title='bbox 410 1506 488 1554; x_wconf 88' lang='lat' dir='ltr'><strong>nimis</strong></span> <span class='ocrx_word' id='word_1_43' title='bbox 508 1506 577 1556; x_wconf 88' lang='lat' dir='ltr'><strong>elare</strong></span> <span class='ocrx_word' id='word_1_44' title='bbox 593 1507 681 1557; x_wconf 88' lang='lat' dir='ltr'><strong>loeum</strong></span> <span class='ocrx_word' id='word_1_45' title='bbox 718 1516 782 1555; x_wconf 71' lang='lat' dir='ltr'><strong>nest</strong></span> <span class='ocrx_word' id='word_1_46' title='bbox 801 1503 890 1563; x_wconf 89' lang='lat' dir='ltr'><strong>illam,</strong></span> <span class='ocrx_word' id='word_1_47' title='bbox 910 1510 937 1556; x_wconf 87' lang='lat' dir='ltr'><strong>et</strong></span> <span class='ocrx_word' id='word_1_48' title='bbox 953 1506 1026 1555; x_wconf 74' lang='lat' dir='ltr'><strong>anisi</strong></span> <span class='ocrx_word' id='word_1_49' title='bbox 1041 1508 1123 1559; x_wconf 81' lang='lat' dir='ltr'><strong>mavis</strong></span> <span class='ocrx_word' id='word_1_50' title='bbox 1141 1511 1239 1568; x_wconf 84' lang='lat' dir='ltr'><strong>perire,</strong></span> 
     </span>
     <span class='ocr_line' id='line_1_9' title="bbox 142 1581 1241 1646; baseline -0.001 -11"><span class='ocrx_word' id='word_1_51' title='bbox 142 1586 259 1646; x_wconf 80' lang='lat' dir='ltr'><strong>explieat</strong></span> <span class='ocrx_word' id='word_1_52' title='bbox 277 1582 409 1642; x_wconf 83' lang='lat' dir='ltr'><strong>Lubler,</strong></span> <span class='ocrx_word' id='word_1_53' title='bbox 437 1596 598 1646; x_wconf 81' lang='lat' dir='ltr'><strong>quamquam</strong></span> <span class='ocrx_word' id='word_1_54' title='bbox 618 1597 681 1636; x_wconf 86' lang='lat' dir='ltr'><strong>een·</strong></span> <span class='ocrx_word' id='word_1_55' title='bbox 717 1595 809 1634; x_wconf 81' lang='lat' dir='ltr'><strong>tave.»</strong></span> <span class='ocrx_word' id='word_1_56' title='bbox 829 1582 894 1633; x_wconf 75' lang='lat' dir='ltr'><strong>Allis</strong></span> <span class='ocrx_word' id='word_1_57' title='bbox 908 1581 1019 1634; x_wconf 81' lang='lat' dir='ltr'><strong>tortasse</strong></span> <span class='ocrx_word' id='word_1_58' title='bbox 1035 1586 1116 1646; x_wconf 77' lang='lat' dir='ltr'><strong>magis</strong></span> <span class='ocrx_word' id='word_1_59' title='bbox 1125 1585 1241 1646; x_wconf 85' lang='lat' dir='ltr'><strong>piaeebta</strong></span> 
     </span>
     <span class='ocr_line' id='line_1_10' title="bbox 144 1661 1238 1724; baseline 0 -10"><span class='ocrx_word' id='word_1_60' title='bbox 144 1666 256 1714; x_wconf 85' lang='lat' dir='ltr'><strong>structio</strong></span> <span class='ocrx_word' id='word_1_61' title='bbox 272 1661 470 1714; x_wconf 83' lang='lat' dir='ltr'><strong>estlaeillima:</strong></span> <span class='ocrx_word' id='word_1_62' title='bbox 487 1662 678 1724; x_wconf 69' lang='lat' dir='ltr'><strong>«Quamvirtu,</strong></span> <span class='ocrx_word' id='word_1_63' title='bbox 716 1662 910 1724; x_wconf 76' lang='lat' dir='ltr'><strong>Dillenburgari</strong></span> <span class='ocrx_word' id='word_1_64' title='bbox 928 1665 1011 1721; x_wconf 87' lang='lat' dir='ltr'><strong>ratio,</strong></span> <span class='ocrx_word' id='word_1_65' title='bbox 1031 1665 1078 1724; x_wconf 81' lang='lat' dir='ltr'><strong>qni</strong></span> <span class='ocrx_word' id='word_1_66' title='bbox 1092 1677 1153 1714; x_wconf 86' lang='lat' dir='ltr'><strong>eum</strong></span> <span class='ocrx_word' id='word_1_67' title='bbox 1169 1665 1238 1717; x_wconf 84' lang='lat' dir='ltr'><strong>Edd.</strong></span> 
     </span>
     <span class='ocr_line' id='line_1_11' title="bbox 146 1740 1240 1806; baseline -0.001 -13"><span class='ocrx_word' id='word_1_68' title='bbox 146 1749 236 1805; x_wconf 88' lang='lat' dir='ltr'><strong>utpote</strong></span> <span class='ocrx_word' id='word_1_69' title='bbox 252 1755 330 1804; x_wconf 85' lang='lat' dir='ltr'><strong>quae</strong></span> <span class='ocrx_word' id='word_1_70' title='bbox 341 1741 680 1803; x_wconf 75' lang='lat' dir='ltr'><strong>sispirtusl’ootteaadeo·</strong></span> <span class='ocrx_word' id='word_1_71' title='bbox 716 1745 797 1800; x_wconf 79' lang='lat' dir='ltr'><strong>veit,</strong></span> <span class='ocrx_word' id='word_1_72' title='bbox 817 1742 896 1791; x_wconf 84' lang='lat' dir='ltr'><strong>etiam</strong></span> <span class='ocrx_word' id='word_1_73' title='bbox 914 1740 1037 1800; x_wconf 83' lang='lat' dir='ltr'><strong>Aldlnts,</strong></span> <span class='ocrx_word' id='word_1_74' title='bbox 1057 1747 1171 1806; x_wconf 82' lang='lat' dir='ltr'><strong>utraque</strong></span> <span class='ocrx_word' id='word_1_75' title='bbox 1188 1745 1240 1796; x_wconf 86' lang='lat' dir='ltr'><strong>rir-</strong></span> 
     </span>
     <span class='ocr_line' id='line_1_12' title="bbox 148 1818 1238 1887; baseline 0 -15"><span class='ocrx_word' id='word_1_76' title='bbox 148 1836 195 1884; x_wconf 81' lang='lat' dir='ltr'><strong>que</strong></span> <span class='ocrx_word' id='word_1_77' title='bbox 214 1823 279 1887; x_wconf 76' lang='lat' dir='ltr'><strong>fitia</strong></span> <span class='ocrx_word' id='word_1_78' title='bbox 300 1821 387 1869; x_wconf 75' lang='lat' dir='ltr'><strong>attone</strong></span> <span class='ocrx_word' id='word_1_79' title='bbox 403 1819 516 1874; x_wconf 73' lang='lat' dir='ltr'><strong>nobilio,</strong></span> <span class='ocrx_word' id='word_1_80' title='bbox 540 1822 624 1870; x_wconf 72' lang='lat' dir='ltr'><strong>iactes</strong></span> <span class='ocrx_word' id='word_1_81' title='bbox 639 1835 681 1885; x_wconf 82' lang='lat' dir='ltr'><strong>pe-</strong></span> <span class='ocrx_word' id='word_1_82' title='bbox 716 1818 776 1882; x_wconf 75' lang='lat' dir='ltr'><strong>guia</strong></span> <span class='ocrx_word' id='word_1_83' title='bbox 793 1819 899 1870; x_wconf 82' lang='lat' dir='ltr'><strong>deleta:</strong></span> <span class='ocrx_word' id='word_1_84' title='bbox 920 1820 985 1869; x_wconf 88' lang='lat' dir='ltr'><strong>«list</strong></span> <span class='ocrx_word' id='word_1_85' title='bbox 998 1834 1118 1882; x_wconf 84' lang='lat' dir='ltr'><strong>rursus»,</strong></span> <span class='ocrx_word' id='word_1_86' title='bbox 1138 1825 1238 1885; x_wconf 83' lang='lat' dir='ltr'><strong>lnquit,</strong></span> 
     </span>
     <span class='ocr_line' id='line_1_13' title="bbox 148 1894 1238 1965; baseline 0.006 -18"><span class='ocrx_word' id='word_1_87' title='bbox 148 1915 194 1950; x_wconf 79' lang='lat' dir='ltr'><strong>oua</strong></span> <span class='ocrx_word' id='word_1_88' title='bbox 212 1907 296 1951; x_wconf 89' lang='lat' dir='ltr'><strong>tuum</strong></span> <span class='ocrx_word' id='word_1_89' title='bbox 308 1913 340 1948; x_wconf 79' lang='lat' dir='ltr'><strong>:n</strong></span> <span class='ocrx_word' id='word_1_90' title='bbox 361 1894 535 1963; x_wconf 86' lang='lat' dir='ltr'><strong>(monendum</strong></span> <span class='ocrx_word' id='word_1_91' title='bbox 549 1899 601 1950; x_wconf 87' lang='lat' dir='ltr'><strong>boe</strong></span> <span class='ocrx_word' id='word_1_92' title='bbox 623 1906 681 1952; x_wconf 89' lang='lat' dir='ltr'><strong>erat</strong></span> <span class='ocrx_word' id='word_1_93' title='bbox 718 1898 799 1948; x_wconf 79' lang='lat' dir='ltr'><strong>«illud</strong></span> <span class='ocrx_word' id='word_1_94' title='bbox 812 1903 906 1960; x_wconf 81' lang='lat' dir='ltr'><strong>potina</strong></span> <span class='ocrx_word' id='word_1_95' title='bbox 919 1901 1077 1962; x_wconf 83' lang='lat' dir='ltr'><strong>artificium,</strong></span> <span class='ocrx_word' id='word_1_96' title='bbox 1097 1902 1238 1965; x_wconf 83' lang='lat' dir='ltr'><strong>quoidam</strong></span> 
     </span>
     <span class='ocr_line' id='line_1_14' title="bbox 149 1977 1238 2041; baseline 0.003 -13"><span class='ocrx_word' id='word_1_97' title='bbox 149 1986 256 2041; x_wconf 91' lang='lat' dir='ltr'><strong>propter</strong></span> <span class='ocrx_word' id='word_1_98' title='bbox 269 1979 351 2035; x_wconf 87' lang='lat' dir='ltr'><strong>lIP.,</strong></span> <span class='ocrx_word' id='word_1_99' title='bbox 372 1980 419 2041; x_wconf 82' lang='lat' dir='ltr'><strong>qul</strong></span> <span class='ocrx_word' id='word_1_100' title='bbox 439 1984 525 2039; x_wconf 88' lang='lat' dir='ltr'><strong>nuper</strong></span> <span class='ocrx_word' id='word_1_101' title='bbox 541 1978 677 2030; x_wconf 75' lang='lat' dir='ltr'><strong>distinxit:</strong></span> <span class='ocrx_word' id='word_1_102' title='bbox 716 1989 814 2027; x_wconf 89' lang='lat' dir='ltr'><strong>nomen</strong></span> <span class='ocrx_word' id='word_1_103' title='bbox 826 1980 896 2028; x_wconf 89' lang='lat' dir='ltr'><strong>inter</strong></span> <span class='ocrx_word' id='word_1_104' title='bbox 913 1977 967 2028; x_wconf 90' lang='lat' dir='ltr'><strong>duo</strong></span> <span class='ocrx_word' id='word_1_105' title='bbox 986 1979 1066 2030; x_wconf 83' lang='lat' dir='ltr'><strong>verba</strong></span> <span class='ocrx_word' id='word_1_106' title='bbox 1082 1980 1238 2031; x_wconf 78' lang='lat' dir='ltr'><strong>collocatum</strong></span> 
     </span>
     <span class='ocr_line' id='line_1_15' title="bbox 149 2055 1238 2121; baseline 0.007 -19"><span class='ocrx_word' id='word_1_107' title='bbox 149 2058 315 2120; x_wconf 64' lang='lat' dir='ltr'><strong>«Quemvis,</strong></span> <span class='ocrx_word' id='word_1_108' title='bbox 336 2056 452 2105; x_wconf 80' lang='lat' dir='ltr'><strong>Pontion</strong></span> <span class='ocrx_word' id='word_1_109' title='bbox 467 2057 564 2117; x_wconf 77' lang='lat' dir='ltr'><strong>pirrus,</strong></span> <span class='ocrx_word' id='word_1_110' title='bbox 592 2056 679 2107; x_wconf 76' lang='lat' dir='ltr'><strong>Siluas</strong></span> <span class='ocrx_word' id='word_1_111' title='bbox 716 2058 857 2118; x_wconf 79' lang='lat' dir='ltr'><strong>utriusque</strong></span> <span class='ocrx_word' id='word_1_112' title='bbox 879 2055 1015 2107; x_wconf 83' lang='lat' dir='ltr'><strong>obiectum</strong></span> <span class='ocrx_word' id='word_1_113' title='bbox 1034 2061 1074 2108; x_wconf 89' lang='lat' dir='ltr'><strong>ast</strong></span> <span class='ocrx_word' id='word_1_114' title='bbox 1095 2060 1167 2121; x_wconf 84' lang='lat' dir='ltr'><strong>qued</strong></span> <span class='ocrx_word' id='word_1_115' title='bbox 1194 2073 1238 2111; x_wconf 85' lang='lat' dir='ltr'><strong>ro-</strong></span> 
     </span>
     <span class='ocr_line' id='line_1_16' title="bbox 147 2133 1238 2205; baseline 0.003 -20"><span class='ocrx_word' id='word_1_116' title='bbox 147 2136 414 2201; x_wconf 73' lang='lat' dir='ltr'><strong>ptiunobttr&#39;rinetes,</strong></span> <span class='ocrx_word' id='word_1_117' title='bbox 429 2133 526 2184; x_wconf 90' lang='lat' dir='ltr'><strong>idest:</strong></span> <span class='ocrx_word' id='word_1_118' title='bbox 542 2139 679 2205; x_wconf 79' lang='lat' dir='ltr'><strong>atalactes</strong></span> <span class='ocrx_word' id='word_1_119' title='bbox 716 2142 795 2187; x_wconf 84' lang='lat' dir='ltr'><strong>eant:</strong></span> <span class='ocrx_word' id='word_1_120' title='bbox 821 2137 889 2188; x_wconf 82' lang='lat' dir='ltr'><strong>Cave</strong></span> <span class='ocrx_word' id='word_1_121' title='bbox 908 2135 1068 2198; x_wconf 85' lang='lat' dir='ltr'><strong>ludibrium,</strong></span> <span class='ocrx_word' id='word_1_122' title='bbox 1087 2141 1138 2189; x_wconf 91' lang='lat' dir='ltr'><strong>nisi</strong></span> <span class='ocrx_word' id='word_1_123' title='bbox 1157 2139 1238 2190; x_wconf 89' lang='lat' dir='ltr'><strong>debes</strong></span> 
     </span>
     <span class='ocr_line' id='line_1_17' title="bbox 148 2210 1238 2278; baseline 0.005 -13"><span class='ocrx_word' id='word_1_124' title='bbox 148 2210 341 2278; x_wconf 81' lang='lat' dir='ltr'><strong>iillumeet.»):</strong></span> <span class='ocrx_word' id='word_1_125' title='bbox 358 2217 442 2264; x_wconf 79' lang='lat' dir='ltr'><strong>taeter</strong></span> <span class='ocrx_word' id='word_1_126' title='bbox 455 2221 480 2264; x_wconf 87' lang='lat' dir='ltr'><strong>et</strong></span> <span class='ocrx_word' id='word_1_127' title='bbox 493 2228 596 2273; x_wconf 80' lang='lat' dir='ltr'><strong>nomeu,</strong></span> <span class='ocrx_word' id='word_1_128' title='bbox 610 2228 679 2277; x_wconf 76' lang='lat' dir='ltr'><strong>quse</strong></span> <span class='ocrx_word' id='word_1_129' title='bbox 714 2214 870 2273; x_wconf 81' lang='lat' dir='ltr'><strong>ludibrium.</strong></span> <span class='ocrx_word' id='word_1_130' title='bbox 907 2215 1026 2265; x_wconf 85' lang='lat' dir='ltr'><strong>Dicimus</strong></span> <span class='ocrx_word' id='word_1_131' title='bbox 1052 2220 1123 2267; x_wconf 92' lang='lat' dir='ltr'><strong>enim</strong></span> <span class='ocrx_word' id='word_1_132' title='bbox 1144 2219 1238 2270; x_wconf 81' lang='lat' dir='ltr'><strong>Lutina</strong></span> 
     </span>
     <span class='ocr_line' id='line_1_18' title="bbox 147 2295 1235 2356; baseline -0.001 -10"><span class='ocrx_word' id='word_1_133' title='bbox 147 2296 337 2346; x_wconf 87' lang='lat' dir='ltr'><strong>nihilomnino</strong></span> <span class='ocrx_word' id='word_1_134' title='bbox 346 2299 373 2344; x_wconf 86' lang='lat' dir='ltr'><strong>te</strong></span> <span class='ocrx_word' id='word_1_135' title='bbox 383 2298 500 2344; x_wconf 82' lang='lat' dir='ltr'><strong>iuvant.»</strong></span> <span class='ocrx_word' id='word_1_136' title='bbox 522 2295 586 2347; x_wconf 82' lang='lat' dir='ltr'><strong>inv.</strong></span> <span class='ocrx_word' id='word_1_137' title='bbox 597 2296 679 2345; x_wconf 79' lang='lat' dir='ltr'><strong>taeter</strong></span> <span class='ocrx_word' id='word_1_138' title='bbox 715 2307 778 2344; x_wconf 82' lang='lat' dir='ltr'><strong>caue</strong></span> <span class='ocrx_word' id='word_1_139' title='bbox 803 2307 913 2356; x_wconf 65' lang='lat' dir='ltr'><strong>renero,</strong></span> <span class='ocrx_word' id='word_1_140' title='bbox 950 2295 1057 2344; x_wconf 81' lang='lat' dir='ltr'><strong>similla.</strong></span> <span class='ocrx_word' id='word_1_141' title='bbox 1089 2295 1144 2346; x_wconf 80' lang='lat' dir='ltr'><strong>Cir.</strong></span> <span class='ocrx_word' id='word_1_142' title='bbox 1180 2295 1235 2347; x_wconf 87' lang='lat' dir='ltr'><strong>Sat.</strong></span> 
     </span>
     <span class='ocr_line' id='line_1_19' title="bbox 146 2372 1236 2436; baseline 0.001 -11"><span class='ocrx_word' id='word_1_143' title='bbox 146 2388 211 2425; x_wconf 83' lang='lat' dir='ltr'><strong>rane</strong></span> <span class='ocrx_word' id='word_1_144' title='bbox 225 2373 296 2424; x_wconf 87' lang='lat' dir='ltr'><strong>lenis</strong></span> <span class='ocrx_word' id='word_1_145' title='bbox 309 2377 351 2424; x_wconf 90' lang='lat' dir='ltr'><strong>est</strong></span> <span class='ocrx_word' id='word_1_146' title='bbox 371 2372 559 2435; x_wconf 81' lang='lat' dir='ltr'><strong>reprehensio,</strong></span> <span class='ocrx_word' id='word_1_147' title='bbox 579 2385 679 2436; x_wconf 78' lang='lat' dir='ltr'><strong>nequo·</strong></span> <span class='ocrx_word' id='word_1_148' title='bbox 715 2375 747 2434; x_wconf 90' lang='lat'><strong>1,</strong></span> <span class='ocrx_word' id='word_1_149' title='bbox 771 2372 802 2433; x_wconf 77' lang='lat' dir='ltr'><strong>l,</strong></span> <span class='ocrx_word' id='word_1_150' title='bbox 827 2373 899 2424; x_wconf 77' lang='lat'><strong>85.»</strong></span> <span class='ocrx_word' id='word_1_151' title='bbox 920 2373 1010 2426; x_wconf 70' lang='lat' dir='ltr'><strong>Nolui</strong></span> <span class='ocrx_word' id='word_1_152' title='bbox 1039 2381 1127 2426; x_wconf 83' lang='lat' dir='ltr'><strong>tamen</strong></span> <span class='ocrx_word' id='word_1_153' title='bbox 1159 2375 1236 2427; x_wconf 91' lang='lat' dir='ltr'><strong>oblit-</strong></span> 
     </span>
     <span class='ocr_line' id='line_1_20' title="bbox 146 2451 1236 2517; baseline 0.003 -13"><span class='ocrx_word' id='word_1_154' title='bbox 146 2464 227 2516; x_wconf 82' lang='lat' dir='ltr'><strong>quam</strong></span> <span class='ocrx_word' id='word_1_155' title='bbox 243 2458 335 2502; x_wconf 87' lang='lat' dir='ltr'><strong>tamen</strong></span> <span class='ocrx_word' id='word_1_156' title='bbox 349 2455 429 2513; x_wconf 80' lang='lat' dir='ltr'><strong>quasi</strong></span> <span class='ocrx_word' id='word_1_157' title='bbox 442 2451 550 2514; x_wconf 89' lang='lat' dir='ltr'><strong>delleti,</strong></span> <span class='ocrx_word' id='word_1_158' title='bbox 570 2459 678 2515; x_wconf 81' lang='lat' dir='ltr'><strong>prepter</strong></span> <span class='ocrx_word' id='word_1_159' title='bbox 716 2459 801 2504; x_wconf 88' lang='lat' dir='ltr'><strong>terare</strong></span> <span class='ocrx_word' id='word_1_160' title='bbox 822 2465 924 2512; x_wconf 89' lang='lat' dir='ltr'><strong>meam,</strong></span> <span class='ocrx_word' id='word_1_161' title='bbox 953 2458 1068 2517; x_wconf 81' lang='lat' dir='ltr'><strong>utraque</strong></span> <span class='ocrx_word' id='word_1_162' title='bbox 1094 2460 1124 2504; x_wconf 93' lang='lat' dir='ltr'><strong>ut</strong></span> <span class='ocrx_word' id='word_1_163' title='bbox 1148 2455 1236 2508; x_wconf 90' lang='lat' dir='ltr'><strong>denuo</strong></span> 
     </span>
     <span class='ocr_line' id='line_1_21' title="bbox 147 2532 1016 2596; baseline 0 -14"><span class='ocrx_word' id='word_1_164' title='bbox 147 2532 221 2596; x_wconf 76' lang='lat' dir='ltr'><strong>quod</strong></span> <span class='ocrx_word' id='word_1_165' title='bbox 241 2533 415 2582; x_wconf 81' lang='lat' dir='ltr'><strong>commissum</strong></span> <span class='ocrx_word' id='word_1_166' title='bbox 436 2532 549 2582; x_wconf 87' lang='lat' dir='ltr'><strong>deorum</strong></span> <span class='ocrx_word' id='word_1_167' title='bbox 567 2545 633 2594; x_wconf 83' lang='lat' dir='ltr'><strong>paee</strong></span> <span class='ocrx_word' id='word_1_168' title='bbox 652 2538 678 2584; x_wconf 88' lang='lat' dir='ltr'><strong>et</strong></span> <span class='ocrx_word' id='word_1_169' title='bbox 714 2534 747 2584; x_wconf 87' lang='lat' dir='ltr'><strong>ab</strong></span> <span class='ocrx_word' id='word_1_170' title='bbox 765 2533 823 2583; x_wconf 84' lang='lat' dir='ltr'><strong>aliis</strong></span> <span class='ocrx_word' id='word_1_171' title='bbox 842 2533 1016 2594; x_wconf 82' lang='lat' dir='ltr'><strong>expendatur.</strong></span> 
     </span>
     <span class='ocr_line' id='line_1_22' title="bbox 147 2610 1235 2678; baseline 0.005 -17"><span class='ocrx_word' id='word_1_172' title='bbox 147 2612 247 2661; x_wconf 82' lang='lat' dir='ltr'><strong>auxilio</strong></span> <span class='ocrx_word' id='word_1_173' title='bbox 266 2610 376 2673; x_wconf 79' lang='lat' dir='ltr'><strong>indigna</strong></span> <span class='ocrx_word' id='word_1_174' title='bbox 393 2610 463 2662; x_wconf 83' lang='lat' dir='ltr'><strong>laeta</strong></span> <span class='ocrx_word' id='word_1_175' title='bbox 478 2614 521 2662; x_wconf 85' lang='lat' dir='ltr'><strong>rit.</strong></span> <span class='ocrx_word' id='word_1_176' title='bbox 558 2612 678 2663; x_wconf 85' lang='lat' dir='ltr'><strong>lneredl-</strong></span> <span class='ocrx_word' id='word_1_177' title='bbox 749 2613 793 2665; x_wconf 80' lang='lat'><strong>17.</strong></span> <span class='ocrx_word' id='word_1_178' title='bbox 812 2613 939 2678; x_wconf 81' lang='lat' dir='ltr'><strong>taedium]</strong></span> <span class='ocrx_word' id='word_1_179' title='bbox 959 2614 1039 2665; x_wconf 82' lang='lat' dir='ltr'><strong>«Post</strong></span> <span class='ocrx_word' id='word_1_180' title='bbox 1056 2615 1158 2666; x_wconf 80' lang='lat' dir='ltr'><strong>sladem</strong></span> <span class='ocrx_word' id='word_1_181' title='bbox 1173 2616 1235 2667; x_wconf 81' lang='lat' dir='ltr'><strong>Plit-</strong></span> 
     </span>
     <span class='ocr_line' id='line_1_23' title="bbox 148 2691 1235 2757; baseline 0.008 -17"><span class='ocrx_word' id='word_1_182' title='bbox 148 2691 199 2742; x_wconf 93' lang='lat' dir='ltr'><strong>biie</strong></span> <span class='ocrx_word' id='word_1_183' title='bbox 219 2704 305 2751; x_wconf 90' lang='lat' dir='ltr'><strong>prope</strong></span> <span class='ocrx_word' id='word_1_184' title='bbox 318 2696 374 2750; x_wconf 87' lang='lat' dir='ltr'><strong>est,</strong></span> <span class='ocrx_word' id='word_1_185' title='bbox 393 2691 581 2752; x_wconf 89' lang='lat' dir='ltr'><strong>propterboo,</strong></span> <span class='ocrx_word' id='word_1_186' title='bbox 601 2697 676 2752; x_wconf 85' lang='lat' dir='ltr'><strong>puto,</strong></span> <span class='ocrx_word' id='word_1_187' title='bbox 713 2696 861 2756; x_wconf 88' lang='lat' dir='ltr'><strong>lippensam</strong></span> <span class='ocrx_word' id='word_1_188' title='bbox 877 2695 1014 2757; x_wconf 72' lang='lat' dir='ltr'><strong>aegritudo</strong></span> <span class='ocrx_word' id='word_1_189' title='bbox 1033 2708 1094 2746; x_wconf 88' lang='lat' dir='ltr'><strong>eum</strong></span> <span class='ocrx_word' id='word_1_190' title='bbox 1112 2698 1235 2748; x_wconf 86' lang='lat' dir='ltr'><strong>satietate</strong></span> 
     </span>
     <span class='ocr_line' id='line_1_24' title="bbox 146 2770 1236 2833; baseline 0.006 -12"><span class='ocrx_word' id='word_1_191' title='bbox 146 2771 277 2829; x_wconf 77' lang='lat' dir='ltr'><strong>verbum,</strong></span> <span class='ocrx_word' id='word_1_192' title='bbox 299 2770 433 2833; x_wconf 79' lang='lat' dir='ltr'><strong>Sonllgero</strong></span> <span class='ocrx_word' id='word_1_193' title='bbox 452 2770 584 2832; x_wconf 77' lang='lat' dir='ltr'><strong>placuisse</strong></span> <span class='ocrx_word' id='word_1_194' title='bbox 601 2772 679 2820; x_wconf 81' lang='lat' dir='ltr'><strong>tamt·</strong></span> <span class='ocrx_word' id='word_1_195' title='bbox 714 2774 823 2824; x_wconf 83' lang='lat' dir='ltr'><strong>militina</strong></span> <span class='ocrx_word' id='word_1_196' title='bbox 842 2785 873 2824; x_wconf 86' lang='lat' dir='ltr'><strong>ee</strong></span> <span class='ocrx_word' id='word_1_197' title='bbox 891 2787 980 2824; x_wconf 88' lang='lat' dir='ltr'><strong>rerum</strong></span> <span class='ocrx_word' id='word_1_198' title='bbox 999 2775 1115 2826; x_wconf 81' lang='lat' dir='ltr'><strong>civilium</strong></span> <span class='ocrx_word' id='word_1_199' title='bbox 1133 2788 1176 2826; x_wconf 85' lang='lat' dir='ltr'><strong>nie</strong></span> <span class='ocrx_word' id='word_1_200' title='bbox 1193 2788 1236 2826; x_wconf 84' lang='lat' dir='ltr'><strong>ee·</strong></span> 
     </span>
     <span class='ocr_line' id='line_1_25' title="bbox 146 2848 1237 2915; baseline 0.006 -18"><span class='ocrx_word' id='word_1_201' title='bbox 146 2850 216 2906; x_wconf 59' lang='lat' dir='ltr'><strong>dun</strong></span> <span class='ocrx_word' id='word_1_202' title='bbox 255 2862 420 2913; x_wconf 83' lang='lat' dir='ltr'><strong>quamquam</strong></span> <span class='ocrx_word' id='word_1_203' title='bbox 445 2849 517 2900; x_wconf 92' lang='lat' dir='ltr'><strong>idem</strong></span> <span class='ocrx_word' id='word_1_204' title='bbox 541 2855 677 2913; x_wconf 90' lang='lat' dir='ltr'><strong>repartum</strong></span> <span class='ocrx_word' id='word_1_205' title='bbox 714 2858 809 2914; x_wconf 80' lang='lat' dir='ltr'><strong>perat»</strong></span> <span class='ocrx_word' id='word_1_206' title='bbox 840 2848 932 2915; x_wconf 88' lang='lat' dir='ltr'><strong>(multo</strong></span> <span class='ocrx_word' id='word_1_207' title='bbox 957 2857 1030 2905; x_wconf 88' lang='lat' dir='ltr'><strong>enim</strong></span> <span class='ocrx_word' id='word_1_208' title='bbox 1056 2866 1180 2914; x_wconf 83' lang='lat' dir='ltr'><strong>perverse</strong></span> <span class='ocrx_word' id='word_1_209' title='bbox 1208 2859 1237 2906; x_wconf 87' lang='lat' dir='ltr'><strong>et</strong></span> 
     </span>
     <span class='ocr_line' id='line_1_26' title="bbox 147 2928 1235 2997; baseline 0.006 -20"><span class='ocrx_word' id='word_1_210' title='bbox 147 2933 188 2979; x_wconf 89' lang='lat' dir='ltr'><strong>est</strong></span> <span class='ocrx_word' id='word_1_211' title='bbox 201 2931 232 2978; x_wconf 91' lang='lat' dir='ltr'><strong>ln</strong></span> <span class='ocrx_word' id='word_1_212' title='bbox 245 2941 301 2978; x_wconf 86' lang='lat' dir='ltr'><strong>uno</strong></span> <span class='ocrx_word' id='word_1_213' title='bbox 315 2928 383 2978; x_wconf 86' lang='lat' dir='ltr'><strong>Cod.</strong></span> <span class='ocrx_word' id='word_1_214' title='bbox 397 2928 474 2979; x_wconf 90' lang='lat' dir='ltr'><strong>Laid.</strong></span> <span class='ocrx_word' id='word_1_215' title='bbox 713 2934 834 2992; x_wconf 87' lang='lat' dir='ltr'><strong>imperite</strong></span> <span class='ocrx_word' id='word_1_216' title='bbox 845 2934 873 2983; x_wconf 98' lang='lat' dir='ltr'><strong>in</strong></span> <span class='ocrx_word' id='word_1_217' title='bbox 894 2932 1014 2994; x_wconf 85' lang='lat' dir='ltr'><strong>partibus</strong></span> <span class='ocrx_word' id='word_1_218' title='bbox 1027 2933 1146 2984; x_wconf 88' lang='lat' dir='ltr'><strong>Brutinis</strong></span> <span class='ocrx_word' id='word_1_219' title='bbox 1164 2938 1235 2997; x_wconf 76' lang='lat' dir='ltr'><strong>gesta</strong></span> 
     </span>
     <span class='ocr_line' id='line_1_27' title="bbox 181 3003 1234 3077; baseline 0.008 -22"><span class='ocrx_word' id='word_1_220' title='bbox 181 3007 226 3057; x_wconf 89' lang='grc'><strong>13.</strong></span> <span class='ocrx_word' id='word_1_221' title='bbox 247 3003 354 3069; x_wconf 81' lang='lat' dir='ltr'><strong>nomen]</strong></span> <span class='ocrx_word' id='word_1_222' title='bbox 375 3009 501 3077; x_wconf 80' lang='grc' dir='ltr'><strong><em>κυρίως,</em></strong></span> <span class='ocrx_word' id='word_1_223' title='bbox 521 3010 676 3071; x_wconf 70' lang='lat' dir='ltr'><strong>«antiquam</strong></span> <span class='ocrx_word' id='word_1_224' title='bbox 714 3007 808 3074; x_wconf 87' lang='lat' dir='ltr'><strong>erant),</strong></span> <span class='ocrx_word' id='word_1_225' title='bbox 822 3025 920 3073; x_wconf 76' lang='lat' dir='ltr'><strong>«nune,</strong></span> <span class='ocrx_word' id='word_1_226' title='bbox 934 3025 994 3063; x_wconf 87' lang='lat' dir='ltr'><strong>oum</strong></span> <span class='ocrx_word' id='word_1_227' title='bbox 1007 3012 1133 3065; x_wconf 76' lang='lat' dir='ltr'><strong>saluatur</strong></span> <span class='ocrx_word' id='word_1_228' title='bbox 1145 3013 1234 3064; x_wconf 89' lang='lat' dir='ltr'><strong>denuo</strong></span> 
     </span>
     <span class='ocr_line' id='line_1_28' title="bbox 147 3085 1234 3155; baseline 0.006 -21"><span class='ocrx_word' id='word_1_229' title='bbox 147 3088 186 3136; x_wconf 92' lang='lat' dir='ltr'><strong>rei</strong></span> <span class='ocrx_word' id='word_1_230' title='bbox 209 3086 335 3147; x_wconf 88' lang='lat' dir='ltr'><strong>publioae</strong></span> <span class='ocrx_word' id='word_1_231' title='bbox 366 3085 504 3149; x_wconf 80' lang='lat' dir='ltr'><strong>gloriam.»</strong></span> <span class='ocrx_word' id='word_1_232' title='bbox 528 3110 557 3125; x_wconf 89' lang='lat'><em>-</em></span> <span class='ocrx_word' id='word_1_233' title='bbox 584 3085 675 3150; x_wconf 72' lang='lat' dir='ltr'><strong>pteris]</strong></span> <span class='ocrx_word' id='word_1_234' title='bbox 713 3093 811 3154; x_wconf 73' lang='lat' dir='ltr'><strong>agitur,</strong></span> <span class='ocrx_word' id='word_1_235' title='bbox 847 3104 967 3155; x_wconf 73' lang='lat' dir='ltr'><strong>magnam</strong></span> <span class='ocrx_word' id='word_1_236' title='bbox 992 3091 1056 3142; x_wconf 86' lang='lat' dir='ltr'><strong>milii</strong></span> <span class='ocrx_word' id='word_1_237' title='bbox 1081 3104 1170 3142; x_wconf 83' lang='lat' dir='ltr'><strong>euram</strong></span> <span class='ocrx_word' id='word_1_238' title='bbox 1194 3094 1234 3141; x_wconf 91' lang='lat' dir='ltr'><strong>ln·</strong></span> 
     </span>
     <span class='ocr_line' id='line_1_29' title="bbox 145 3165 1233 3231; baseline 0.006 -18"><span class='ocrx_word' id='word_1_239' title='bbox 145 3165 257 3226; x_wconf 86' lang='lat' dir='ltr'><strong>Puppes</strong></span> <span class='ocrx_word' id='word_1_240' title='bbox 282 3167 445 3215; x_wconf 84' lang='lat' dir='ltr'><strong>intrinsecus</strong></span> <span class='ocrx_word' id='word_1_241' title='bbox 468 3171 495 3216; x_wconf 86' lang='lat' dir='ltr'><strong>et</strong></span> <span class='ocrx_word' id='word_1_242' title='bbox 513 3167 675 3218; x_wconf 82' lang='lat' dir='ltr'><strong>extrinsecus</strong></span> <span class='ocrx_word' id='word_1_243' title='bbox 712 3172 769 3219; x_wconf 86' lang='lat' dir='ltr'><strong>iieir</strong></span> <span class='ocrx_word' id='word_1_244' title='bbox 781 3182 812 3219; x_wconf 82' lang='lat' dir='ltr'><strong>ae</strong></span> <span class='ocrx_word' id='word_1_245' title='bbox 825 3170 1006 3220; x_wconf 60' lang='grc' dir='ltr'><strong>ἀπωτάτω.»</strong></span> <span class='ocrx_word' id='word_1_246' title='bbox 1036 3169 1138 3229; x_wconf 82' lang='lat' dir='ltr'><strong>Recte,</strong></span> <span class='ocrx_word' id='word_1_247' title='bbox 1158 3174 1233 3231; x_wconf 86' lang='lat' dir='ltr'><strong>puto,</strong></span> 
     </span>
     <span class='ocr_line' id='line_1_30' title="bbox 146 3245 1234 3309; baseline -0.002 -11"><span class='ocrx_word' id='word_1_248' title='bbox 146 3247 226 3298; x_wconf 82' lang='lat' dir='ltr'><strong>variis</strong></span> <span class='ocrx_word' id='word_1_249' title='bbox 247 3245 383 3296; x_wconf 83' lang='lat' dir='ltr'><strong>coloribus</strong></span> <span class='ocrx_word' id='word_1_250' title='bbox 400 3245 586 3309; x_wconf 75' lang='lat' dir='ltr'><strong>pingebantur.</strong></span> <span class='ocrx_word' id='word_1_251' title='bbox 619 3247 675 3298; x_wconf 89' lang='lat' dir='ltr'><strong>lam</strong></span> <span class='ocrx_word' id='word_1_252' title='bbox 712 3248 835 3298; x_wconf 82' lang='lat' dir='ltr'><strong>Liiblrer:</strong></span> <span class='ocrx_word' id='word_1_253' title='bbox 853 3246 945 3298; x_wconf 74' lang='lat' dir='ltr'><strong>Herm</strong></span> <span class='ocrx_word' id='word_1_254' title='bbox 962 3249 1063 3309; x_wconf 75' lang='lat' dir='ltr'><strong>rpra&#39;ebt</strong></span> <span class='ocrx_word' id='word_1_255' title='bbox 1079 3249 1130 3297; x_wconf 75' lang='lat' dir='ltr'><strong>den</strong></span> <span class='ocrx_word' id='word_1_256' title='bbox 1145 3248 1234 3297; x_wconf 79' lang='lat' dir='ltr'><strong>Weeb-</strong></span> 
     </span>
     <span class='ocr_line' id='line_1_31' title="bbox 147 3323 1234 3392; baseline 0.002 -18"><span class='ocrx_word' id='word_1_257' title='bbox 147 3325 219 3385; x_wconf 75' lang='lat' dir='ltr'><strong>opud</strong></span> <span class='ocrx_word' id='word_1_258' title='bbox 239 3324 390 3375; x_wconf 89' lang='lat' dir='ltr'><strong>Homerum</strong></span> <span class='ocrx_word' id='word_1_259' title='bbox 402 3324 435 3373; x_wconf 88' lang='lat' dir='ltr'><strong>ii.</strong></span> <span class='ocrx_word' id='word_1_260' title='bbox 447 3324 485 3386; x_wconf 85' lang='grc' dir='ltr'><strong>β,</strong></span> <span class='ocrx_word' id='word_1_261' title='bbox 504 3324 575 3392; x_wconf 55' lang='lat' dir='ltr'><strong>titis</strong></span> <span class='ocrx_word' id='word_1_262' title='bbox 606 3323 676 3390; x_wconf 80' lang='grc' dir='ltr'><strong>νῆες</strong></span> <span class='ocrx_word' id='word_1_263' title='bbox 711 3325 842 3376; x_wconf 79' lang='lat' dir='ltr'><strong>aelretner</strong></span> <span class='ocrx_word' id='word_1_264' title='bbox 861 3325 1006 3376; x_wconf 68' lang='lat' dir='ltr'><strong>beroardum</strong></span> <span class='ocrx_word' id='word_1_265' title='bbox 1018 3325 1175 3387; x_wconf 71' lang='lat' dir='ltr'><strong>potiturum</strong></span> <span class='ocrx_word' id='word_1_266' title='bbox 1186 3323 1234 3376; x_wconf 72' lang='lat' dir='ltr'><strong>Ge</strong></span> 
     </span>
     <span class='ocr_line' id='line_1_32' title="bbox 145 3402 1234 3475; baseline 0.001 -21"><span class='ocrx_word' id='word_1_267' title='bbox 145 3402 359 3475; x_wconf 71' lang='grc' dir='ltr'><strong>μιλτοπάρῃοι.</strong></span> <span class='ocrx_word' id='word_1_268' title='bbox 380 3403 602 3465; x_wconf 65' lang='lat' dir='ltr'><strong>serenando:</strong></span> <span class='ocrx_word' id='word_1_269' title='bbox 621 3405 676 3455; x_wconf 83' lang='lat' dir='ltr'><strong>lla·</strong></span> <span class='ocrx_word' id='word_1_270' title='bbox 711 3407 842 3469; x_wconf 75' lang='lat' dir='ltr'><strong>sinmnp,</strong></span> <span class='ocrx_word' id='word_1_271' title='bbox 871 3420 924 3456; x_wconf 81' lang='lat' dir='ltr'><strong>von</strong></span> <span class='ocrx_word' id='word_1_272' title='bbox 948 3407 995 3456; x_wconf 86' lang='lat' dir='ltr'><strong>der</strong></span> <span class='ocrx_word' id='word_1_273' title='bbox 1012 3407 1117 3468; x_wconf 73' lang='lat' dir='ltr'><strong>eipeneo</strong></span> <span class='ocrx_word' id='word_1_274' title='bbox 1139 3417 1234 3455; x_wconf 77' lang='lat' dir='ltr'><strong>verou-</strong></span> 
     </span>
     <span class='ocr_line' id='line_1_33' title="bbox 144 3482 1234 3547; baseline 0.002 -16"><span class='ocrx_word' id='word_1_275' title='bbox 144 3484 187 3531; x_wconf 79' lang='lat' dir='ltr'><strong>utr</strong></span> <span class='ocrx_word' id='word_1_276' title='bbox 205 3482 277 3531; x_wconf 82' lang='lat' dir='ltr'><strong>bona</strong></span> <span class='ocrx_word' id='word_1_277' title='bbox 289 3482 392 3530; x_wconf 78' lang='lat' dir='ltr'><strong>dieitur</strong></span> <span class='ocrx_word' id='word_1_278' title='bbox 402 3495 458 3531; x_wconf 77' lang='lat' dir='ltr'><strong>ooo</strong></span> <span class='ocrx_word' id='word_1_279' title='bbox 469 3495 536 3544; x_wconf 78' lang='lat' dir='ltr'><strong>pune</strong></span> <span class='ocrx_word' id='word_1_280' title='bbox 549 3483 675 3545; x_wconf 78' lang='lat' dir='ltr'><strong>pretiosis</strong></span> <span class='ocrx_word' id='word_1_281' title='bbox 712 3484 832 3547; x_wconf 71' lang='lat' dir='ltr'><strong>plectiere</strong></span> <span class='ocrx_word' id='word_1_282' title='bbox 855 3484 1018 3534; x_wconf 81' lang='lat' dir='ltr'><strong>Tber&#39;loobme</strong></span> <span class='ocrx_word' id='word_1_283' title='bbox 1043 3484 1082 3533; x_wconf 75' lang='lat' dir='ltr'><strong>bis</strong></span> <span class='ocrx_word' id='word_1_284' title='bbox 1099 3497 1131 3532; x_wconf 75' lang='lat' dir='ltr'><strong>aa</strong></span> <span class='ocrx_word' id='word_1_285' title='bbox 1148 3482 1234 3533; x_wconf 72' lang='lat' dir='ltr'><strong>astoer</strong></span> 
     </span>
     <span class='ocr_line' id='line_1_34' title="bbox 146 3559 1233 3627; baseline 0.003 -18"><span class='ocrx_word' id='word_1_286' title='bbox 146 3559 276 3610; x_wconf 75' lang='lat' dir='ltr'><strong>coloribus</strong></span> <span class='ocrx_word' id='word_1_287' title='bbox 285 3562 364 3621; x_wconf 75' lang='lat' dir='ltr'><strong>pieta</strong></span> <span class='ocrx_word' id='word_1_288' title='bbox 378 3566 430 3620; x_wconf 83' lang='lat' dir='ltr'><strong>ert,</strong></span> <span class='ocrx_word' id='word_1_289' title='bbox 448 3574 496 3610; x_wconf 76' lang='lat' dir='ltr'><strong>nee</strong></span> <span class='ocrx_word' id='word_1_290' title='bbox 507 3562 581 3610; x_wconf 77' lang='lat' dir='ltr'><strong>euius</strong></span> <span class='ocrx_word' id='word_1_291' title='bbox 593 3563 676 3612; x_wconf 83' lang='lat' dir='ltr'><strong>tutela</strong></span> <span class='ocrx_word' id='word_1_292' title='bbox 712 3564 925 3627; x_wconf 75' lang='lat' dir='ltr'><strong>pepeowdrtipen</strong></span> <span class='ocrx_word' id='word_1_293' title='bbox 939 3564 1057 3626; x_wconf 74' lang='lat' dir='ltr'><strong>teutpert,</strong></span> <span class='ocrx_word' id='word_1_294' title='bbox 1071 3561 1135 3612; x_wconf 84' lang='lat' dir='ltr'><strong>uber</strong></span> <span class='ocrx_word' id='word_1_295' title='bbox 1146 3561 1233 3612; x_wconf 73' lang='lat' dir='ltr'><strong>stillari</strong></span> 
     </span>
     <span class='ocr_line' id='line_1_35' title="bbox 146 3639 1232 3699; baseline 0.003 -11"><span class='ocrx_word' id='word_1_296' title='bbox 146 3639 219 3689; x_wconf 81' lang='lat' dir='ltr'><strong>ebore</strong></span> <span class='ocrx_word' id='word_1_297' title='bbox 228 3640 338 3689; x_wconf 83' lang='lat' dir='ltr'><strong>coelota</strong></span> <span class='ocrx_word' id='word_1_298' title='bbox 350 3645 415 3699; x_wconf 75' lang='lat' dir='ltr'><strong>est,</strong></span> <span class='ocrx_word' id='word_1_299' title='bbox 430 3664 461 3674; x_wconf 96' lang='lat'><em>-</em></span> <span class='ocrx_word' id='word_1_300' title='bbox 474 3641 518 3689; x_wconf 77' lang='lat' dir='ltr'><strong>aad</strong></span> <span class='ocrx_word' id='word_1_301' title='bbox 529 3640 634 3691; x_wconf 77' lang='lat' dir='ltr'><strong>stabilia</strong></span> <span class='ocrx_word' id='word_1_302' title='bbox 650 3645 676 3689; x_wconf 91' lang='lat' dir='ltr'><strong>et</strong></span> <span class='ocrx_word' id='word_1_303' title='bbox 711 3641 785 3691; x_wconf 82' lang='lat' dir='ltr'><strong>Liebe</strong></span> <span class='ocrx_word' id='word_1_304' title='bbox 796 3654 857 3690; x_wconf 76' lang='lat' dir='ltr'><strong>rum</strong></span> <span class='ocrx_word' id='word_1_305' title='bbox 868 3641 962 3691; x_wconf 84' lang='lat' dir='ltr'><strong>Stnute</strong></span> <span class='ocrx_word' id='word_1_306' title='bbox 979 3650 1038 3690; x_wconf 77' lang='lat' dir='ltr'><strong>aas.</strong></span> <span class='ocrx_word' id='word_1_307' title='bbox 1085 3639 1232 3691; x_wconf 79' lang='lat' dir='ltr'><strong>Sollicitum</strong></span> 
     </span>
     <span class='ocr_line' id='line_1_36' title="bbox 148 3718 1233 3783; baseline 0.001 -16"><span class='ocrx_word' id='word_1_308' title='bbox 148 3718 230 3783; x_wconf 71' lang='lat' dir='ltr'><strong>fiune.</strong></span> <span class='ocrx_word' id='word_1_309' title='bbox 254 3720 379 3781; x_wconf 86' lang='lat' dir='ltr'><strong>Dempta</strong></span> <span class='ocrx_word' id='word_1_310' title='bbox 407 3720 538 3782; x_wconf 75' lang='lat' dir='ltr'><strong>imagine:</strong></span> <span class='ocrx_word' id='word_1_311' title='bbox 579 3721 675 3771; x_wconf 84' lang='lat' dir='ltr'><strong>«Vana</strong></span> <span class='ocrx_word' id='word_1_312' title='bbox 711 3720 829 3772; x_wconf 86' lang='lat' dir='ltr'><strong>taedium</strong></span> <span class='ocrx_word' id='word_1_313' title='bbox 852 3719 945 3769; x_wconf 70' lang='lat' dir='ltr'><strong>druell</strong></span> <span class='ocrx_word' id='word_1_314' title='bbox 964 3722 1053 3770; x_wconf 71' lang='lat' dir='ltr'><strong>remeo</strong></span> <span class='ocrx_word' id='word_1_315' title='bbox 1069 3721 1163 3782; x_wconf 63' lang='lat' dir='ltr'><strong>epure</strong></span> <span class='ocrx_word' id='word_1_316' title='bbox 1179 3721 1233 3769; x_wconf 74' lang='lat' dir='ltr'><strong>Ao-</strong></span> 
     </span>
     <span class='ocr_line' id='line_1_37' title="bbox 147 3797 1232 3863; baseline -0.001 -14"><span class='ocrx_word' id='word_1_317' title='bbox 147 3800 235 3849; x_wconf 79' lang='lat' dir='ltr'><strong>rirlum</strong></span> <span class='ocrx_word' id='word_1_318' title='bbox 248 3801 346 3862; x_wconf 84' lang='lat' dir='ltr'><strong>speeie</strong></span> <span class='ocrx_word' id='word_1_319' title='bbox 361 3809 444 3848; x_wconf 90' lang='lat' dir='ltr'><strong>nemo</strong></span> <span class='ocrx_word' id='word_1_320' title='bbox 457 3797 591 3847; x_wconf 78' lang='lat' dir='ltr'><strong>conlidit.»</strong></span> <span class='ocrx_word' id='word_1_321' title='bbox 711 3800 773 3851; x_wconf 81' lang='lat' dir='ltr'><strong>tbetl</strong></span> <span class='ocrx_word' id='word_1_322' title='bbox 790 3813 827 3849; x_wconf 81' lang='lat' dir='ltr'><strong>aa</strong></span> <span class='ocrx_word' id='word_1_323' title='bbox 843 3800 891 3850; x_wconf 83' lang='lat' dir='ltr'><strong>der</strong></span> <span class='ocrx_word' id='word_1_324' title='bbox 908 3799 1089 3863; x_wconf 79' lang='lat' dir='ltr'><strong>Krr’eprarbet‘t</strong></span> <span class='ocrx_word' id='word_1_325' title='bbox 1099 3799 1143 3849; x_wconf 76' lang='lat' dir='ltr'><strong>dea</strong></span> <span class='ocrx_word' id='word_1_326' title='bbox 1154 3798 1232 3848; x_wconf 57' lang='lat' dir='ltr'><strong>Stoa*</strong></span> 
     </span>
     <span class='ocr_line' id='line_1_38' title="bbox 175 3870 1232 3943; baseline -0.001 -15"><span class='ocrx_word' id='word_1_327' title='bbox 175 3878 216 3930; x_wconf 85' lang='lat' dir='ltr'><strong>to.</strong></span> <span class='ocrx_word' id='word_1_328' title='bbox 234 3875 338 3942; x_wconf 77' lang='lat' dir='ltr'><strong>Debeo]</strong></span> <span class='ocrx_word' id='word_1_329' title='bbox 360 3880 398 3928; x_wconf 84' lang='lat' dir='ltr'><strong>ut</strong></span> <span class='ocrx_word' id='word_1_330' title='bbox 415 3870 604 3943; x_wconf 74' lang='grc' dir='ltr'><strong><em>ὀφλισκάνειν</em></strong></span> <span class='ocrx_word' id='word_1_331' title='bbox 628 3877 674 3942; x_wconf 74' lang='grc' dir='ltr'><strong>γέ·</strong></span> <span class='ocrx_word' id='word_1_332' title='bbox 712 3886 749 3930; x_wconf 83' lang='lat' dir='ltr'><strong>ter</strong></span> <span class='ocrx_word' id='word_1_333' title='bbox 766 3891 826 3929; x_wconf 78' lang='lat' dir='ltr'><strong>aua·</strong></span> <span class='ocrx_word' id='word_1_334' title='bbox 846 3900 878 3913; x_wconf 85' lang='lat'>-</span> <span class='ocrx_word' id='word_1_335' title='bbox 896 3891 951 3927; x_wconf 77' lang='lat' dir='ltr'><strong>nore</strong></span> <span class='ocrx_word' id='word_1_336' title='bbox 969 3875 1042 3940; x_wconf 69' lang='lat' dir='ltr'><strong>uve]</strong></span> <span class='ocrx_word' id='word_1_337' title='bbox 1068 3891 1116 3939; x_wconf 91' lang='lat' dir='ltr'><strong>per</strong></span> <span class='ocrx_word' id='word_1_338' title='bbox 1128 3877 1232 3931; x_wconf 84' lang='lat' dir='ltr'><strong>solitam</strong></span> 
     </span>
    </p>
   </div>
   <div class='ocr_carea' id='block_1_5' title="bbox 28 3942 1231 4024">
    <p class='ocr_par' dir='ltr' id='par_1_5' title="bbox 28 3942 1231 4024">
     <span class='ocr_line' id='line_1_39' title="bbox 28 3942 1231 4024; baseline -0.002 -14"><span class='ocrx_word' id='word_1_339' title='bbox 28 3942 32 3951; x_wconf 55' lang='lat'>¹</span> <span class='ocrx_word' id='word_1_340' title='bbox 137 3956 226 4024; x_wconf 82' lang='grc' dir='ltr'><strong><em>λωτα,</em></strong></span> <span class='ocrx_word' id='word_1_341' title='bbox 245 3957 356 4023; x_wconf 71' lang='grc' dir='ltr'><em>δίκην·</em></span> <span class='ocrx_word' id='word_1_342' title='bbox 391 3953 672 4014; x_wconf 62' lang='lat' dir='ltr'><strong>Eunomianam</strong></span> <span class='ocrx_word' id='word_1_343' title='bbox 711 3953 853 4022; x_wconf 74' lang='grc' dir='ltr'><strong>λιτότητα</strong></span> <span class='ocrx_word' id='word_1_344' title='bbox 870 3958 1066 4019; x_wconf 68' lang='lat' dir='ltr'><strong>«gravissimum</strong></span> <span class='ocrx_word' id='word_1_345' title='bbox 1095 3956 1231 4007; x_wconf 77' lang='lat' dir='ltr'><strong>«Nonnu-</strong></span> 
     </span>
    </p>
   </div>
   <div class='ocr_carea' id='block_1_6' title="bbox 126 4025 1232 4185">
    <p class='ocr_par' dir='ltr' id='par_1_6' title="bbox 126 4025 1232 4185">
     <span class='ocr_line' id='line_1_40' title="bbox 130 4025 1232 4108; baseline -0.008 -15"><span class='ocrx_word' id='word_1_346' title='bbox 130 4037 173 4108; x_wconf 78' lang='grc' dir='ltr'><strong>μή</strong></span> <span class='ocrx_word' id='word_1_347' title='bbox 191 4055 251 4107; x_wconf 80' lang='grc' dir='ltr'><strong>μοι</strong></span> <span class='ocrx_word' id='word_1_348' title='bbox 271 4065 315 4078; x_wconf 89' lang='grc'><strong>--</strong></span> <span class='ocrx_word' id='word_1_349' title='bbox 338 4029 498 4096; x_wconf 62' lang='grc' dir='ltr'><strong>αἰσχύνην</strong></span> <span class='ocrx_word' id='word_1_350' title='bbox 518 4025 606 4105; x_wconf 74' lang='grc' dir='ltr'><strong>ὄφλῃ.</strong></span> <span class='ocrx_word' id='word_1_351' title='bbox 641 4034 674 4083; x_wconf 90' lang='lat' dir='ltr'><strong>ln</strong></span> <span class='ocrx_word' id='word_1_352' title='bbox 711 4037 822 4100; x_wconf 73' lang='lat' dir='ltr'><strong>trogium</strong></span> <span class='ocrx_word' id='word_1_353' title='bbox 850 4034 946 4096; x_wconf 76' lang='lat' dir='ltr'><strong>latim,</strong></span> <span class='ocrx_word' id='word_1_354' title='bbox 974 4038 1027 4086; x_wconf 84' lang='lat' dir='ltr'><strong>vita</strong></span> <span class='ocrx_word' id='word_1_355' title='bbox 1044 4048 1131 4093; x_wconf 81' lang='lat' dir='ltr'><strong>mare,</strong></span> <span class='ocrx_word' id='word_1_356' title='bbox 1156 4034 1232 4098; x_wconf 85' lang='lat' dir='ltr'><strong>quod</strong></span> 
     </span>
     <span class='ocr_line' id='line_1_41' title="bbox 126 4111 1231 4185; baseline -0.01 -12"><span class='ocrx_word' id='word_1_357' title='bbox 126 4135 201 4185; x_wconf 82' lang='lat' dir='ltr'><strong>prora</strong></span> <span class='ocrx_word' id='word_1_358' title='bbox 220 4123 298 4175; x_wconf 78' lang='lat' dir='ltr'><strong>orat.</strong></span> <span class='ocrx_word' id='word_1_359' title='bbox 340 4121 450 4168; x_wconf 77' lang='lat' dir='ltr'><strong>«euve,</strong></span> <span class='ocrx_word' id='word_1_360' title='bbox 479 4122 512 4162; x_wconf 86' lang='lat' dir='ltr'><strong>ne</strong></span> <span class='ocrx_word' id='word_1_361' title='bbox 534 4112 673 4174; x_wconf 70' lang='lat' dir='ltr'><strong>debeam</strong></span> <span class='ocrx_word' id='word_1_362' title='bbox 711 4115 820 4167; x_wconf 82' lang='lat' dir='ltr'><strong>uuetuai</strong></span> <span class='ocrx_word' id='word_1_363' title='bbox 830 4115 900 4166; x_wconf 86' lang='lat' dir='ltr'><strong>inter</strong></span> <span class='ocrx_word' id='word_1_364' title='bbox 912 4113 1051 4179; x_wconf 70' lang='lat' dir='ltr'><strong>Cycladas,</strong></span> <span class='ocrx_word' id='word_1_365' title='bbox 1059 4111 1231 4165; x_wconf 82' lang='lat' dir='ltr'><strong>insulasmar-</strong></span> 
     </span>
    </p>
   </div>
   <div class='ocr_carea' id='block_1_7' title="bbox 0 0 1454 4820">
    <p class='ocr_par' dir='ltr' id='par_1_7' title="bbox 0 0 1454 4820">
     <span class='ocr_line' id='line_1_42' title="bbox 0 0 1454 4820; baseline 0 2"><span class='ocrx_word' id='word_1_366' title='bbox 0 0 1454 4820; x_wconf 95' lang='lat' dir='ltr'><strong> </strong></span> 
     </span>
    </p>
   </div>
  </div>
 </body>
</html>
