2936 4804
577 332 644 385 itit.
664 332 712 384 iv,
749 332 778 381 G.
799 332 872 383 vtit.

316 489 465 561 ornatus
486 490 585 557 viridi
608 495 759 577 tempora
782 494 937 578 paraplno

314 612 518 677 Libertate
540 613 647 678 bonos
669 611 761 680 dudit
784 613 827 680 ad
850 614 969 680 cxlluat

239 785 284 835 tis.
304 789 382 838 datoett
399 788 431 837 B.

545 1181 910 1241 exconsus

645 1296 696 1353 an
714 1309 743 1354 r.
766 1295 812 1355 rr.
878 1360 887 1385 f

235 1430 295 1479 Non
318 1425 452 1491 incendia]
481 1427 588 1489 Duplici
614 1435 782 1484 excusatione
808 1437 867 1495 eget
890 1432 934 1482 iric
963 1433 1127 1491 versiculus,
1158 1438 1273 1497 primurn

188 1508 354 1567 a'caesura,
385 1521 465 1570 quarn
490 1508 688 1570 pessumdatam
718 1510 810 1560 dicunt
832 1515 989 1563 necessitate
1009 1514 1122 1563 nominis
1149 1519 1270 1579 proprii,

188 1587 262 1652 quod
281 1588 358 1638 aliter
376 1600 469 1639 versus
489 1601 542 1638 non
561 1591 721 1650 recepissem
748 1590 845 1641 deinde
865 1595 895 1640 ut
913 1590 1036 1643 incendia
1055 1593 1272 1656 «generaliter»,

189 1673 219 1720 ut
245 1671 335 1727 aiunt,
368 1673 416 1719 «et
435 1670 561 1729 poetice»
586 1670 751 1730 accipiantur
777 1683 825 1732 pro
851 1670 969 1721 cladibus
994 1666 1034 1743 (pt
1055 1668 1123 1722 Aen.
1144 1673 1175 1732 1,
1203 1673 1269 1725 566:

190 1749 261 1797 tantt
289 1747 411 1796 incendio
438 1746 514 1808 belli,
546 1752 627 1810 atque
652 1751 775 1810 opinatus
805 1756 844 1801 est
861 1751 995 1813 bottiger,
1027 1750 1142 1801 Ennium
1162 1753 1271 1807 incusso

190 1826 287 1876 alicubi
313 1826 480 1889 Karthaginis
505 1827 592 1877 clades
616 1827 835 1892 calamitatesque·
858 1842 964 1882 vocasse
990 1831 1046 1881 cius
1065 1829 1212 1897 immina)
1231 1834 1274 1885 rel

190 1908 269 1956 etiam
287 1905 329 1973 'de
358 1905 427 1954 binis
458 1907 549 1956 castris
581 1905 707 1969 Syphacis
736 1914 762 1958 et
789 1909 961 1960 Hasdrubalis
980 1924 994 1960 a
1013 1909 1138 1971 Scipione
1157 1914 1273 1964 incensis

189 1980 256 2047 (Liv.
277 1982 322 2044 30,
342 1981 380 2049 5.)
401 1988 577 2046 crematisque
595 1985 853 2049 Karthaginiensium
872 1984 905 2037 i).
926 1988 1036 2039 naribus
1055 1984 1122 2051 (Lis.
1137 1988 1182 2050 30,
1200 1990 1269 2051 aa),

188 2066 298 2113 minime
322 2077 385 2114 vero
418 2062 475 2128 (aui
504 2065 631 2116 ridiculus
651 2064 720 2115 ioret
738 2078 827 2126 error,
856 2071 950 2127 poetae
978 2079 1115 2129 uunquam
1139 2071 1272 2130 imputan-

190 2141 267 2206 dusz)
287 2144 320 2194 de
332 2145 494 2208 Karthagine
512 2158 526 2195 a
542 2145 666 2206 Scipione
682 2144 805 2196 Africano
827 2149 928 2200 minore
947 2148 1057 2201 incensa
1075 2154 1154 2208 atque
1174 2152 1270 2203 excisa.

190 2224 285 2286 Neque
304 2237 365 2274 vero
386 2224 552 2284 clanculum,
582 2226 667 2274 utita
685 2224 787 2284 dicam,
815 2226 914 2275 intrudi
939 2231 1028 2288 potest
1053 2226 1143 2289 Scipio
1165 2231 1273 2293 minor.

189 2308 219 2353 ut
237 2309 296 2364 post
315 2302 475 2354 Glareanum
495 2309 521 2354 et
545 2303 693 2354 Gesnernm
717 2302 814 2354 iactum
840 2305 918 2355 video
938 2307 1017 2356 etiarn
1037 2318 1052 2356 a
1071 2319 1173 2367 nupero
1191 2309 1273 2359 iuter-

191 2388 282 2445 pretea
311 2383 480 2444 «Poterat»,
505 2386 610 2447 inquit,
640 2398 654 2430 a
662 2389 740 2445 poeta
759 2387 785 2433 in
805 2385 845 2434 hia
865 2398 961 2435 namen
981 2382 1113 2447 Scipionis
1132 2399 1226 2449 urgere
1246 2393 1273 2439 et

190 2463 293 2514 silentio
312 2466 472 2533 praeterire,
499 2464 570 2527 quod
590 2467 679 2514 iunior
698 2465 805 2515 domurn
828 2458 917 2525 Scipio
941 2464 1129 2528 Karthaginem
1149 2466 1273 2516 incendio

191 2543 347 2594 deleverit.»
367 2544 422 2597 Nec
435 2558 496 2596 vero
511 2545 586 2601 Elaia,
595 2545 641 2608 pul
654 2558 702 2606 pro
713 2545 824 2593 alicuius
834 2543 971 2593 domitoris
985 2542 1091 2594 hiriane
1108 2544 1167 2593 ficta
1182 2547 1273 2595 nescio

191 2635 243 2685 qua
261 2636 374 2685 persona
393 2623 484 2673 haberi
504 2629 606 2684 potest,
627 2636 687 2673 aum
706 2625 757 2674 hoc
775 2627 846 2673 vetet
864 2623 922 2683 ipsa
942 2623 1021 2672 Ennii
1040 2623 1151 2682 mentio,
1171 2636 1272 2685 neque,

191 2708 222 2750 ut
239 2702 324 2753 voluit
351 2702 462 2753 loannes
487 2717 503 2753 a
529 2705 585 2754 Deo
606 2705 726 2754 Frbhlich
756 2701 885 2751 Calabrae
902 2701 1018 2751 Pierides
1036 2704 1158 2752 universe
1176 2704 1274 2766 signill-

191 2792 250 2831 oare
270 2787 381 2842 possunt
398 2784 488 2832 nescio
507 2796 577 2845 quae
596 2786 714 2832 carmina
731 2783 889 2846 panegyrica
907 2792 922 2830 a
941 2782 1031 2830 nescio
1051 2793 1104 2843 quo
1123 2783 1150 2829 iu
1169 2780 1273 2842 Scipio·

192 2863 234 2908 nia
260 2863 368 2909 minoris
396 2861 500 2912 laudam
525 2865 679 2923 composita.
729 2862 795 2912 Narn
822 2859 888 2909 nihii
916 2861 997 2923 magis
1017 2852 1149 2930 ἄκυρον,
1183 2862 1275 2911 inacu-

194 2942 355 3000 cinnumque
382 2939 477 2992 luisset
503 2947 585 3004 atque
610 2941 780 3003 ambiguum,
812 2952 893 3003 quam
918 2940 940 2988 si
965 2936 1082 2987 Calabria
1101 2937 1272 2999 Pieridibus‚

191 3031 261 3082 auae
288 3022 365 3070 unice
391 3021 506 3070 Ennium
530 3021 677 3083 significare
705 3024 832 3082 possunt,
864 3023 948 3066 toturn
977 3028 1059 3079 genus
1087 3022 1274 3080 panegyricum

192 3097 319 3148 denotare
347 3100 481 3150 voluisset.
529 3099 641 3151 Itanon
661 3099 936 3160 peccaritiiorrtius.
979 3095 1035 3145 Nea
1054 3097 1161 3149 taudem
1181 3097 1275 3148 tolera·

192 3176 257 3227 biles
275 3183 338 3227 sunt
355 3181 524 3230 coniecturae
544 3179 730 3243 Cuninghamii
748 3177 901 3239 impendio,
934 3172 1023 3239 (quam
1043 3175 1146 3225 firmare
1166 3183 1276 3227 conatus

190 3261 232 3306 est
249 3255 316 3306 Stat.
337 3255 402 3308 Siir.
421 3256 448 3316 3,
467 3256 494 3316 3,
514 3257 565 3306 87ε
594 3263 742 3319 partaeque
763 3269 811 3319 par
837 3268 926 3305 omncs
952 3255 1069 3303 Divitiae
1090 3253 1203 3315 populos
1220 3269 1276 3304 mo·

192 3335 289 3398 pnigea
307 3337 441 3397 impendia
464 3332 582 3399 mnndl:)
607 3335 742 3398 Iloeringii
766 3336 921 3397 stipendio,
941 3334 1061 3384 atributa
1081 3336 1104 3383 ei
1125 3335 1274 3393 impositapr

192 3412 333 3465 Frbhliairii
359 3416 475 3477 Namque
497 3417 583 3465 inane
601 3442 611 3451 ·
629 3440 639 3450 ·
657 3429 712 3463 non
738 3415 830 3464 celares
855 3413 932 3478 sapas
950 3413 1115 3473 notatasque
1132 3419 1278 3462 retrorsum

192 3499 244 3543 aet.
257 3520 287 3528 -
308 3495 406 3544 Varum
425 3508 487 3546 ecce
505 3508 573 3547 nora
592 3497 710 3545 exoritur
727 3493 871 3544 difficultas
890 3505 921 3543 er
940 3493 1080 3543 sententiis
1099 3492 1172 3551 ipsis.
1193 3489 1276 3552 Quid,

192 3586 312 3635 quaeso,
345 3574 426 3624 dicitt
459 3575 541 3625 «Non
565 3574 670 3637 lagatus
695 3574 844 3633 Hannibal,
876 3586 930 3622 noa
954 3572 1090 3633 Karthago
1118 3571 1220 3622 devicta
1246 3583 1277 3621 ac

193 3665 278 3713 paene
297 3653 406 3703 deleta»
434 3651 474 3717 (ut
499 3654 587 3705 iaaiies
606 3657 687 3703 simus
706 3656 733 3703 in
758 3648 985 3715 interpretandozl
1018 3651 1138 3701 «alarius
1158 3651 1279 3702 iudicant

193 3732 286 3783 laudes
303 3731 435 3792 Scipionis
454 3737 561 3785 maioris
580 3747 660 3796 quam
679 3735 759 3783 Ennii
787 3736 931 3783 carmina.»
981 3730 1033 3781 Sed
1052 3730 1118 3779 baec
1137 3733 1194 3792 ipsa
1212 3731 1277 3794 quid

194 3810 266 3861 aliud
294 3812 401 3863 tandem
427 3812 614 3873 praedicabant
639 3825 718 3875 quarn
744 3812 852 3863 easdem
876 3811 933 3861 illas
952 3810 1085 3872 Scipionis
1109 3821 1150 3858 res
1171 3811 1279 3872 gestas?

193 3891 271 3941 Nulla
296 3897 336 3941 est
354 3904 415 3954 ergo
434 3887 599 3954 daelhem,
631 3906 713 3954 quam
740 3898 828 3942 tamen
855 3890 994 3941 manifesto
1030 3890 1164 3950 quaesivit
1187 3893 1276 3950 pobta.

193 3968 279 4031 Quam
303 3975 334 4019 ut
363 3970 543 4034 qualicunque
563 3972 655 4021 saitem
683 3971 762 4021 modo
786 3969 907 4028 eliciant,
936 3966 1065 4031 (nonnulii
1085 3972 1165 4018 etiam
1183 3981 1278 4030 paran-

193 4050 261 4099 tbesi
280 4049 388 4098 inclusis
406 4064 448 4101 vv.
498 4049 552 4098 Por
569 4064 635 4114 quos
648 4052 759 4112 spiritus
772 4075 802 4085 --
815 4075 826 4085 ·
837 4050 962 4109 dacibus,
982 4064 1036 4114 quo
1055 4048 1156 4099 scilicet
1173 4051 1275 4108 artius,

191 4128 239 4178 sed
259 4134 347 4178 tamen
374 4130 440 4179 mira
468 4131 674 4191 compositione,
706 4131 867 4182 cohaereant
890 4129 981 4181 celeras
1007 4128 1086 4193 supas
1110 4140 1170 4180 curn
1188 4128 1279 4178 incula
1329 4136 1336 4151 ·
