2854 4824
15 1102 21 1213 l

529 336 593 387 ΠΒ.
613 336 635 386 1.
674 336 703 387 G.
723 337 772 386 iii.

324 497 489 581 Terras,
512 500 540 563 si
561 494 677 563 temen'
693 501 814 605 impiae

249 619 345 686 Non
368 619 548 709 tangenda
568 606 665 686 ro'ics
681 621 872 687 transiliunt
893 619 991 686 vedu.

336 790 762 928 Audax-'omuiaLpe-rpe'il
1148 816 1191 878 25

263 935 373 1005 Gens
394 908 537 1005 hunuano
557 916 707 1032 ru'ii'per
727 910 865 1003 veli'ium
888 909 995 1004 nc'ias

341 1036 602 1143 Audax'Iiipeii
622 1050 732 1150 getius

117 1348 232 1398 drncum
247 1359 284 1396 eo
297 1347 406 1394 ineunt.
442 1344 501 1397 Neo
514 1360 577 1399 vero
590 1362 633 1400 er·
670 1350 803 1412 prolepsin
825 1352 973 1411 poeticum:
1004 1362 1065 1401 nrm
1083 1356 1192 1414 propter

113 1427 192 1488 pliosre
214 1438 368 1488 possumus
388 1436 449 1475 cunr
470 1424 630 1478 Ouwensio:
671 1429 698 1479 id
719 1433 820 1491 ipsum,
840 1429 912 1493 quad
934 1429 1092 1480 transiliunt
1108 1431 1189 1487 uada,

111 1511 200 1556 «term
220 1503 345 1555 abscidit
363 1503 397 1553 ab
418 1504 541 1564 ocenum
561 1521 632 1558 mare
670 1510 767 1571 impias
786 1509 862 1561 liunt.
900 1507 954 1559 Cir.
982 1508 1056 1558 liach
1083 1508 1116 1557 sd
1138 1508 1190 1558 Lu·

14 1616 21 1655 ,¹
109 1590 132 1633 cl
156 1591 255 1635 terram
291 1583 398 1633 diversa
423 1597 480 1634 esse
505 1585 633 1637 elementa
671 1590 739 1638 ciuui
760 1587 838 1638 Cher.
862 1600 888 1649 p.
908 1586 952 1636 56.
971 1612 1002 1621 -
1023 1583 1188 1649 transiliunt]

110 1661 166 1713 deus
185 1664 288 1724 roiuit,
311 1665 423 1725 antiqua
440 1676 531 1713 eorum
550 1668 633 1715 socie·
672 1667 784 1728 «rapida
800 1668 1048 1716 eursutruiiciuut.»
1068 1665 1189 1725 Properl.

109 1749 172 1803 isle,
191 1756 256 1793 cunr
276 1742 369 1793 adhuc
386 1755 469 1792 unum
492 1744 570 1794 cirros
593 1758 634 1795 es·
671 1749 697 1806 1,
719 1747 762 1806 17,
785 1746 836 1795 1³:
856 1745 896 1794 At
914 1750 1023 1808 pereat,
1043 1746 1192 1806 quicunque

12 1858 13 1865 κ
109 1828 177 1881 seni,
195 1821 354 1880 dissoluta,
374 1822 446 1871 unde
468 1821 545 1873 0rid.
565 1824 631 1875 Met.
671 1829 740 1875 rates
757 1832 781 1874 et
799 1825 859 1874 uelo
873 1826 981 1885 parauit
997 1824 1102 1873 Primm
1114 1830 1138 1873 ot
1150 1824 1192 1872 irr-

12 1950 13 1953 ,
109 1900 132 1958 1,
150 1900 199 1948 22:
219 1899 297 1948 Nam
317 1899 390 1948 cado
411 1904 499 1950 imas
514 1909 538 1951 et
555 1903 634 1951 terris
671 1904 727 1954 vito
743 1905 847 1968 puroitc
859 1901 920 1964 fecit
937 1903 1007 1951 iteri

107 1978 214 2027 siscidit
245 1978 358 2033 undam
383 1978 558 2030 dissociabilis
587 1994 633 2031 uu·
705 1982 748 2031 25.
768 1982 858 2030 omnia
867 1978 979 2042 perpeti]
1001 1974 1192 2046 γένοςδεινὸν

109 2061 156 2105 trru
175 2057 250 2106 idem
273 2062 327 2114 est,
354 2057 427 2119 quod
449 2058 631 2109 dissociatus.»
671 2058 767 2112 adora
776 2059 895 2126 τλῆναι,
916 2064 1021 2118 omnia,
1041 2061 1119 2109 eiiam
1136 2070 1192 2107 urs·

106 2134 189 2195 Quam
210 2139 241 2185 in
266 2137 516 2195 interpretationem
543 2138 634 2189 incidit
671 2143 740 2190 rimu
759 2138 877 2200 pericula
889 2137 1000 2195 subire;
1021 2139 1049 2185 in
1061 2148 1114 2199 quo
1134 2137 1191 2196 ipso

12 2244 13 2287 Q
108 2217 214 2265 mxime
238 2220 357 2275 propter
381 2226 407 2265 r.
427 2215 554 2277 abscidit,
574 2230 633 2268 cum
672 2222 741 2268 inest
759 2220 831 2266 notio
851 2218 939 2265 omniu
958 2215 1092 2279 faciendi,
1123 2225 1192 2276 quse

109 2297 148 2354 ei,
166 2300 260 2344 nostra
286 2295 311 2342 si
336 2307 400 2345 vers
420 2302 506 2354 esset3
525 2296 633 2347 discidit
673 2299 816 2347 cruciatum
829 2307 918 2345 oreore
930 2296 1040 2354 possint.

109 2376 204 2434 requiri
217 2372 370 2423 videretur.
410 2372 463 2425 Sed
480 2386 538 2425 cunr
555 2389 581 2427 r.
594 2376 634 2427 di·
706 2376 750 2425 26.
782 2370 859 2436 Gens]
895 2373 1070 2434 Philosophus
1098 2371 1193 2434 aliquis

108 2452 181 2500 scidit
193 2456 222 2501 et
235 2455 349 2511 propter
365 2457 480 2502 metrum
489 2459 515 2503 et
527 2461 634 2516 propter
671 2456 840 2507 scholasticus
851 2456 1008 2517 excogitasse
1018 2452 1121 2503 videtur
1129 2452 1192 2501 lect.

111 2533 241 2593 egregium
266 2530 334 2579 iilud
347 2528 485 2582 ἐπίθετον
509 2533 634 2583 dissocia·
673 2535 757 2587 Codd.
783 2535 936 2584 Torrentii:
965 2530 1041 2582 inus
1060 2532 1191 2580 idmona.

110 2606 152 2657 iili
170 2611 210 2658 uti
231 2622 289 2658 non
309 2614 418 2669 posset,
438 2613 540 2672 scripsit
551 2613 635 2663 absci·
671 2615 737 2664 ilait
755 2619 843 2665 sutem
859 2625 909 2674 prr
928 2613 1037 2662 vetitum
1048 2608 1123 2671 nefas
1134 2609 1194 2661 bre·

110 2688 160 2746 dil,
179 2700 236 2738 non
252 2694 353 2737 terram
363 2702 379 2739 s
391 2691 477 2750 mari,
496 2692 542 2743 sod
555 2706 635 2742 unum
672 2697 738 2746 riter
750 2706 780 2743 uc
792 2705 859 2743 nove
875 2691 974 2741 dictum
987 2695 1027 2740 est
1038 2702 1102 2751 pro:
1122 2690 1194 2738 uouit

110 2772 208 2827 purtem
234 2768 311 2817 orbis
337 2773 468 2819 terrarum
488 2770 521 2822 ab
542 2772 634 2823 silere.
671 2787 719 2837 per
730 2773 840 2822 ostium
858 2776 939 2834 atquo
954 2770 1021 2820 adeo
1034 2765 1110 2828 aclas
1122 2779 1194 2817 conr·

111 2846 186 2911 iegei
216 2851 258 2898 sic
286 2850 494 2909 iuterpretatur:
532 2851 636 2903 «Cuius
673 2851 896 2903 mitteresudet.»
927 2850 1042 2900 Bosscha
1060 2850 1097 2898 sic
1116 2858 1195 2907 expo·

16 2942 17 2987 r
111 2933 206 2977 remote
228 2930 303 2976 inter
329 2939 358 2975 se
382 2929 478 2977 sociari
499 2934 637 2992 nequeunt
674 2936 732 2982 ult:
753 2930 853 2992 «Nefas
874 2934 930 2988 est,
950 2928 1021 2991 quod
1039 2940 1093 2977 non
1116 2926 1193 2984 dcet,

16 3020 17 3027 ¹
110 3006 208 3056 litoris.»
231 3031 264 3041 -
306 3005 409 3066 Quodsi
430 3019 490 3057 curu
516 3008 636 3060 Bentleio
674 3011 746 3076 quod
770 3015 879 3060 naturae
900 3007 1015 3070 impulsu
1036 3018 1090 3055 non
1112 3005 1193 3055 licere

111 3084 174 3147 legas
185 3084 386 3146 dissociabilis,
402 3086 483 3136 iruius
493 3101 548 3138 voc.
558 3092 636 3140 unios
674 3093 754 3141 sentit
768 3089 864 3147 homo,
883 3101 908 3138 r.
921 3098 945 3135 c.
958 3086 1119 3144 latrocinari,
1136 3095 1195 3134 cue·

112 3164 295 3226 interpretatio
309 3165 377 3213 erit:
393 3164 570 3229 «dissociatas,
585 3169 637 3219 dis·
675 3172 736 3220 dem
760 3170 942 3218 committere:
974 3166 1082 3214 vetitum
1101 3163 1193 3226 nefas,

112 3250 253 3304 neptus»,
299 3243 418 3304 epitheto
448 3248 510 3296 satis
540 3251 634 3299 otioso.
675 3251 823 3299 cuiuutura
840 3260 869 3296 se
889 3244 976 3294 multis
992 3248 1019 3293 et
1035 3242 1195 3304 mugnisim·

112 3321 280 3387 Nequcvero
296 3321 483 3383 Oudendorpii
500 3327 636 3390 udippu-
675 3328 831 3390 pedImentis
849 3325 991 3387 opposuit,
1021 3322 1093 3385 quod
1116 3321 1195 3369 horna

113 3400 232 3454 leiliiet.
252 3403 282 3453 5.
302 3414 330 3463 p.
346 3400 409 3451 359.
427 3402 567 3462 probamus
583 3408 637 3456 dis-
675 3407 837 3457 committere
858 3417 912 3453 non
930 3406 1018 3465 potest
1039 3401 1089 3449 uisi
1110 3399 1194 3459 ruptis

113 3483 239 3538 sociabile,
260 3481 290 3530 id
316 3486 374 3540 est,
394 3481 636 3536 ‹rdissocisbiiitcra›
675 3483 819 3536 ecrevoisis
827 3484 867 3532 iuis
876 3481 1100 3544 impedimentis.»
1119 3477 1195 3528 rideo

114 3558 259 3622 Comparari
273 3559 391 3622 quidem
402 3565 504 3619 poterut
520 3555 550 3614 er
563 3570 635 3625 psrta
674 3578 737 3616 vero
756 3566 784 3612 in
797 3564 847 3612 hoc
865 3562 1016 3616 haeserunt,
1038 3564 1068 3607 ul
1086 3557 1195 3607 Ouden-

22 3620 26 3653 Γ
113 3637 311 3703 iirg..ien.12‚
323 3637 379 3687 338
389 3652 397 3685 ι
407 3640 639 3693 miseraiilccassis
675 3645 741 3705 dorp
754 3645 914 3704 proponeret
925 3652 974 3699 per
990 3638 1100 3687 vetitum
1112 3639 1140 3687 irs
1151 3649 1195 3685 rre-

112 3717 233 3770 Hostibus
241 3718 399 3776 insultans,
412 3718 460 3766 sed
469 3725 584 3782 recipere
594 3736 637 3773 ve·
675 3726 727 3789 ias,
739 3721 870 3773 liuhumei
883 3732 932 3781 per
944 3717 1053 3766 vetitum
1071 3723 1095 3766 st
1108 3715 1194 3778 nefas,

23 3838 27 3865 ι
111 3799 325 3851 ”illimem
339 3797 496 3859 Horatiano,
510 3815 577 3865 quae
588 3805 636 3852 cisi
676 3794 1193 3865 quodipsuminsuspectissirnosuodod.

110 3878 216 3931 rdnittit
227 3879 313 3928 dulce
325 3875 431 3932 ridere,
442 3880 573 3930 turbidum
586 3881 639 3932 iao
676 3881 811 3932 sorbonae
825 3880 971 3940 repperisse
983 3890 1011 3927 se
1028 3880 1065 3926 uit
1076 3873 1175 3923 Vuiurt.

107 3962 154 4009 tori
180 3967 252 4020 cel,
291 3955 467 4006 dissociabile
488 3960 638 4012 abscindere
708 3961 754 4011 27.
772 3961 871 4010 Audon
900 3957 1017 4008 consulto
1047 3956 1193 4014 repetitur,

105 4050 238 4104 uunquam
262 4034 400 4097 amplexa
417 4043 490 4088 esset.
675 4045 705 4091 ut
731 4042 803 4091 notio
828 4041 970 4100 primuriu3
1001 4035 1028 4085 id
1051 4033 1123 4096 quod
1140 4044 1194 4082 nou

131 4119 173 4171 23.
202 4118 252 4171 24.
294 4113 409 4175 emptas
440 4124 486 4174 iter
513 4119 639 4172 adiectiri
675 4121 798 4184 agnovit,
817 4120 864 4182 uui
881 4116 1018 4180 proposuit
1031 4117 1121 4164 atron
1148 4111 1196 4161 iiii
