2900 4820
575 417 722 467 aunarii
749 416 935 468 ilnmuin‘iiii

464 572 643 643 Sardiniae
666 584 803 666 segetes
825 578 975 663 feraces,

380 767 455 832 Non
478 769 656 831 aestuosae
678 754 977 852 grata‘Calabrlae
1273 765 1292 823 5

384 876 570 969 Armenta,¹
583 905 650 949 non
672 902 787 949 aurum
809 889 868 949 aut
890 864 1167 968 ebur⁴1ndlcum,

422 1008 498 1071 Non
520 1025 616 1090 rure,
638 1025 723 1091 quac
746 1007 834 1070 Liris
856 1006 970 1090 quieta

465 1126 605 1193 Mordet
627 1136 712 1210 aqua
736 1129 925 1192 taciturnus
945 1130 1061 1193 amnis.

246 1422 274 1472 d·
306 1417 440 1483 Sepettdus
458 1416 584 1466 tribuitur
601 1413 736 1465 &albeme
772 1416 880 1465 rodant.
902 1416 995 1466 Claud.
1020 1415 1100 1465 Gens.
1123 1415 1202 1467 Prob.
1224 1417 1295 1467 259:

213 1500 323 1563 feraces,
345 1497 417 1559 qnod
428 1497 535 1557 proprie
549 1507 671 1557 agrorum
684 1500 734 1545 est.
773 1499 858 1544 terens
876 1501 997 1556 querceta
1023 1494 1145 1543 Maricae
1163 1495 1242 1545 liris.
1265 1521 1297 1531 -

214 1577 313 1628 Tibuil.
332 1578 358 1637 l,
369 1574 395 1636 3,
409 1575 463 1624 fil:
483 1574 546 1622 Fert
561 1575 661 1622 casium
682 1586 737 1622 non
774 1571 934 1637 taciturnus]
953 1573 1007 1623 Cir.
1021 1574 1105 1624 Isaiae
1121 1575 1147 1633 8,
1158 1575 1189 1625 6:
1210 1587 1299 1636 aquae

215 1657 288 1709 culta
305 1667 385 1717 seam.
406 1653 523 1704 Siciliam
543 1658 570 1704 et
588 1652 737 1702 Sardiniam
773 1650 860 1710 Silet,
892 1665 960 1714 quoe
974 1652 1080 1702 vadunt
1104 1667 1163 1702 cum
1179 1654 1297 1703 silentio.

215 1736 436 1798 «benignissimae
464 1734 537 1783 urbis
564 1733 666 1782 Romae
689 1744 738 1780 nu·
775 1730 873 1781 Tibull.
897 1732 928 1790 l,
948 1731 975 1790 7,
1000 1731 1052 1781 13:
1073 1733 1115 1781 Aa
1136 1738 1175 1788 te,
1197 1731 1298 1797 Cydne,

216 1818 312 1866 trices»
331 1819 409 1865 aocet
426 1813 484 1862 Vel.
499 1811 571 1863 Mer.
593 1812 621 1870 l,
641 1810 668 1860 6.
775 1823 887 1862 canum,
920 1812 1014 1859 tacitis*
1031 1813 1077 1872 aui
1101 1811 1194 1859 ianitor
1217 1812 1302 1860 undis

250 1895 276 1943 5.
298 1889 444 1953 aestuosae]
461 1891 540 1940 «solis
553 1891 647 1940 ardore
662 1890 738 1937 torri·
776 1888 915 1938 Caeruleus
933 1890 1047 1949 placidis
1064 1902 1115 1950 per
1130 1888 1202 1939 cada
1213 1890 1302 1952 serpis

217 1974 295 2024 dae.»
315 1973 366 2034 Ep.
380 1973 407 2031 l,
421 1971 456 2020 27
466 1985 474 2019 ι
496 1969 739 2019 Pecuscscaiabrs's
775 1968 873 2030 aquis?
893 1968 974 2019 Silius
993 1968 1020 2026 d,
1042 1967 1112 2018 350:
1135 1967 1223 2029 Liris,
1254 1970 1303 2034 qui

215 2057 277 2102 ante
288 2052 364 2100 sidus
378 2050 511 2113 fervidum
528 2048 638 2098 Lucana
657 2051 740 2096 mutet
774 2049 848 2112 (onte
869 2049 956 2109 quieto
975 2048 1130 2097 Dissimulet
1143 2060 1251 2097 cursum
1270 2062 1304 2098 ac

213 2145 326 2193 pascuo.
346 2149 378 2165 μ
401 2135 483 2192 prata
505 2124 644 2189 armento]
665 2127 739 2187 «pui-
775 2126 850 2175 nulio
873 2126 1009 2175 mutabilis
1030 2128 1110 2176 imbri
1137 2126 1305 2191 Perstrinpit

218 2211 280 2260 ebra
293 2216 320 2259 et
333 2210 452 2272 pinguia,
467 2207 613 2270 quaedum
627 2218 740 2267 puseun·
776 2207 874 2254 tacitus
891 2208 1034 2270 pemmantl
1051 2209 1155 2270 carpite
1172 2208 1261 2270 ripas.

219 2297 279 2349 tur,
309 2292 416 2352 pratum
437 2301 491 2338 non
509 2289 596 2338 solum
620 2284 739 2345 dbmino,
811 2284 838 2334 u.
859 2285 1234 2337 Sententiaeitanectuntur:
1256 2287 1305 2336 «id

217 2383 310 2421 verum
333 2371 412 2419 etiam
435 2379 482 2428 per
498 2380 595 2429 pascua
614 2366 740 2416 deambu·
777 2377 840 2415 rere
871 2377 929 2415 mea
961 2366 1069 2415 minime
1101 2367 1204 2428 reiert,
1238 2365 1306 2429 quid

217 2451 284 2500 iantl
312 2448 407 2497 viatori
450 2445 634 2507 spectaculum
666 2457 741 2506 prae·
779 2445 1003 2504 eptentlromines
1019 2444 1051 2494 de
1068 2445 1155 2505 plebe.
1177 2446 1308 2497 Habeant

218 2530 311 2580 bont.»
331 2527 390 2576 lloc
403 2524 671 2587 dalberaesimplcr,
690 2525 741 2573 boc
778 2523 839 2581 sibl,
854 2536 923 2584 quac
934 2529 1075 2584 expetunt3
1096 2525 1224 2587 equidem
1239 2537 1308 2587 pau·

219 2614 329 2660 naturae
360 2607 398 2655 rei
417 2610 518 2666 aptum.
556 2608 626 2658 Miro
657 2616 739 2663 casn,
778 2606 969 2654 ciacontentus
989 2617 1075 2652 snm.»
1095 2603 1126 2653 ln
1143 2605 1241 2655 harum
1258 2619 1308 2654 au-

221 2700 302 2749 quem
322 2690 411 2735 amen
429 2685 481 2734 iam
500 2685 642 2748 aliquoties
667 2689 741 2734 nota-
778 2688 832 2733 iem
849 2682 960 2732 duarum
978 2683 1146 2744 stropharum
1166 2685 1310 2757 εἰρωνείᾳ

219 2767 323 2822 danus,
345 2762 446 2817 Mbncb
467 2769 495 2814 et
516 2764 630 2813 Holman
653 2763 742 2813 Peerl-
778 2764 892 2812 maxima
912 2763 989 2812 buius
1009 2763 1093 2814 odarli
1111 2765 1197 2815 virtus
1219 2766 1311 2826 posita

221 2843 466 2905 lamplnesndem
482 2843 636 2894 inciderunt
651 2843 739 2892 cuni:
779 2847 827 2891 eet.
849 2866 880 2876 -
901 2840 1041 2905 Paemani]
1067 2855 1114 2903 pro
1139 2845 1263 2904 pedestri
1282 2859 1309 2895 v.

221 2921 486 2973 Graianarnanta.
517 2923 586 2973 Sane
607 2935 669 2973 oves
691 2921 742 2971 Ta·
776 2924 884 2981 putent:
905 2922 966 2981 quia
989 2924 1096 2972 nimiam
1115 2926 1312 2986 pampinorum

220 3003 340 3052 reatinae
368 3007 478 3062 propter
505 3003 581 3054 ianae
606 3007 743 3062 praestan·
779 3010 810 3049 ac
834 2999 972 3059 palmitum
990 3001 1121 3051 luxuriem
1143 2999 1198 3054 lair
1217 3005 1313 3054 viaea-

219 3081 562 3133 tiamerentuobiliesimae
575 3081 743 3143 appellaban-
779 3080 835 3127 tica
853 3077 947 3128 Catoni
966 3081 999 3128 R·
1019 3080 1053 3129 ll·
1077 3081 1138 3138 ll.
1159 3085 1313 3142 aeratos-ta

221 3166 319 3221 turone
342 3158 477 3216 Graecae,
506 3160 633 3210 Graecam
653 3173 741 3221 peaes.
778 3157 933 3219 Palladiol,
951 3157 997 3219 43,
1019 3158 1055 3219 1.,
1078 3160 1205 3210 cultellus
1221 3165 1314 3213 incur-

222 3240 276 3290 Clr.
292 3238 510 3300 Columellam,
527 3239 554 3289 l.
574 3238 741 3290 annuit
779 3250 829 3287 rus
857 3237 1008 3297 vinitoris,¹
1028 3241 1203 3301 comprimit,
1239 3253 1315 3291 com·
1361 3252 1365 3259 ’

221 3319 248 3380 8,
271 3318 316 3369 ie.
334 3318 446 3368 'Verum
464 3331 525 3368 oves
542 3331 595 3369 non
616 3324 680 3369 sunt
699 3331 743 3367 ar·
780 3318 875 3378 pascit.
901 3313 974 3379 Virg.
1001 3317 1050 3369 Ge.
1075 3320 1107 3378 1,
1134 3319 1209 3370 157:
1239 3322 1316 3371 ruris
1354 3310 1357 3316 ’

219 3403 330 3459 manta,
360 3410 474 3460 quorum
499 3396 634 3449 §aaaron
657 3398 744 3449 Graia
780 3397 860 3457 opacs'
871 3396 950 3447 Falce
960 3409 1063 3459 premes
1079 3398 1204 3449 umbras.
1231 3399 1315 3451 Ouid.

222 3480 303 3529 miros
330 3479 423 3538 procul
445 3476 527 3528 dubio
549 3479 617 3527 risus
639 3479 743 3528 lectori·
779 3474 1225 3538 Mat.1u‚oee:aaonea·tatee,
1255 3481 1318 3543 Qua

222 3557 273 3605 bus
303 3558 471 3607 excussisset.
511 3548 650 3618 Εὔβοιον
678 3557 745 3606 dicit
778 3553 858 3603 modo
868 3555 999 3623 luxuriem
1011 3555 1107 3617 premit
1118 3561 1144 3605 et
1155 3560 1320 3618 spatiantia

223 3634 371 3687 Calabriam
388 3634 485 3687 Strabo
503 3633 530 3683 o.
552 3646 578 3695 p.
591 3633 654 3683 431.
777 3635 879 3692 passim
917 3633 1036 3684 Brachia
1074 3638 1230 3696 compescit.
1275 3637 1318 3687 lta

256 3713 284 3763 7.
303 3713 374 3763 Liris
392 3714 488 3767 fluvius
509 3715 537 3762 in
556 3712 653 3764 linibus
675 3715 759 3764 Latii·
781 3714 876 3768 Graeci
890 3726 1008 3776 quoque.
1027 3713 1166 3764 Plutarch.
1192 3716 1229 3767 de
1248 3718 1317 3768 aud.

223 3798 251 3844 et
275 3788 452 3853 Campaniae,
474 3793 608 3853 pertinens
629 3792 745 3843 blintur·
780 3797 857 3847 Poet.
884 3808 911 3856 p·
933 3794 978 3845 58.
1005 3791 1106 3856 wyte:
1137 3789 1224 3846 ὅπου
1248 3791 1320 3848 ὑλο-

223 3884 280 3930 nat,
290 3871 370 3923 bodie
385 3871 554 3934 Gamelione.
564 3871 617 3921 ud.
629 3871 742 3933 3,17,8.
780 3879 870 3942 μανεῑ
886 3872 920 3925 τὸ
938 3869 1081 3938 μυθῶδες,
1103 3868 1321 3938 ἐπιλαμβανό·

258 3949 285 4001 8.
304 3948 416 4012 mordet]
436 3950 521 4001 Simili
533 3953 647 4014 imagine
664 3954 743 4003 mium
780 3967 866 4020 μενοι
887 3948 1061 4016 κολούωμεν
1079 3948 1131 3999 καὶ
1154 3953 1320 4019 πιέζωμεν,

222 4029 316 4079 rodem
329 4033 447 4083 atterere
458 4030 490 4080 de
503 4029 589 4081 iluriis
602 4032 673 4093 ripas
684 4045 744 4083 sen·
782 4045 813 4083 ex
829 4026 979 4101 ἡμερίδος,
997 4031 1069 4089 viiie,
1092 4020 1319 4089 comparatione.

223 4108 273 4157 sim
292 4107 443 4159 eluentibus
457 4114 611 4170 usurpatur.
632 4109 741 4163 lucret.
782 4111 906 4162 Ceterum
931 4110 1016 4158 cuivis
1046 4105 1226 4159 manifestum
1259 4110 1321 4163 lore

223 4186 250 4245 5,
265 4186 332 4236 257:
353 4193 377 4236 st
392 4189 469 4248 ripas
484 4189 611 4238 cadmia
632 4190 743 4254 premtaa
782 4188 908 4250 equidem
940 4192 1079 4248 putaram,
1108 4185 1144 4235 de
1172 4189 1322 4241 vinearum
