2950 4810
528 353 530 358 ’
589 356 737 407 nouauit
758 356 945 410 carminuli

525 710 826 791 ,ΟΔΒΜΕΝ
865 710 963 789 XX.

346 929 420 993 Non
444 930 568 994 usitata
589 947 653 995 nec
675 929 768 994 tenui
790 884 881 993 ierer

274 1086 325 1135 Od.
345 1086 406 1134 XX.
444 1088 525 1136 inser.
545 1086 613 1150 volg.
653 1085 695 1135 Ad
712 1085 893 1136 Maecenatem
911 1091 938 1137 et
956 1088 994 1136 sic
1013 1085 1106 1136 libST.
1136 1111 1168 1122 -
1205 1086 1237 1137 Se
1255 1088 1303 1137 im·

219 1157 358 1205 mortalem
369 1155 487 1217 foturmn
497 1162 522 1207 et
533 1159 562 1206 ire
574 1159 677 1221 οίρηαηι
690 1156 893 1207 rosemundam
905 1156 954 1210 cit.
967 1169 990 1205 c.
1005 1182 1036 1192 -
1056 1157 1082 1206 1.
1095 1155 1153 1220 nso]
1172 1169 1228 1207 noa
1243 1170 1303 1208 cnm

221 1226 305 1275 cndu.
326 1226 439 1277 Bentleii
457 1227 487 1276 F.
509 1224 634 1290 (Uinea,
654 1222 776 1288 libSTc.)

144 1409 148 1416 .
255 1370 315 1419 XX.
335 1370 366 1420 ln
380 1383 489 1435 cycnum
510 1384 538 1422 sc
557 1377 687 1422 mutatum
705 1377 743 1423 at·
760 1373 765 1449 ᾗ
781 1376 894 1423 metrum
921 1369 1057 1421 Alcalcum
1088 1371 1220 1421 eiusmodi
1242 1374 1303 1423 ioco

221 1462 302 1513 quea
323 1452 400 1500 terris
419 1462 479 1502 mox
498 1451 676 1502 discessurum
694 1452 730 1500 fin
781 1451 988 1501 satisconvenlt.
1007 1447 1132 1500 Attamen
1148 1452 1174 1499 in
1189 1451 1316 1502 eundem>

220 1544 301 1592 qens,
331 1542 429 1580 nomen
447 1535 544 1591 poetro
568 1530 601 1579 ab
619 1531 742 1582 omnibus
780 1531 835 1582 iere
849 1542 909 1580 cnm
928 1530 1080 1580 liicbstadio
1099 1532 1252 1592 opinionem
1265 1535 1304 1581 iu·

221 1611 342 1659 honorati
374 1610 604 1672 immortalemque
634 1611 743 1673 gloriam
780 1609 861 1659 clinat
870 1608 1055 1661 Schneidewin
1068 1608 1100 1658 in'
1109 1610 1227 1660 Coniect.
1243 1612 1302 1659 crit.
1384 1606 1385 1613 ’

220 1689 270 1738 sibi
289 1689 440 1750 pollicetur.
486 1689 613 1753 Egregius
637 1695 742 1739 nostrae
781 1686 860 1737 1839.
880 1687 906 1736 8.
927 1686 1009 1747 p.17,
1029 1693 1057 1737 et
1074 1691 1101 1738 in
1114 1689 1196 1739 aitcro
1215 1688 1304 1739 libello

220 1770 314 1819 aetatis
334 1768 482 1832 philologus
506 1770 542 1818 ita
562 1769 666 1819 deboc
688 1781 744 1819 car·
781 1766 901 1817 Coniect.
922 1769 979 1816 crit.
1001 1779 1028 1826 p.
1048 1765 1092 1816 ³2.
1113 1767 1251 1828 deceptus,
1274 1772 1304 1816 ut

221 1849 292 1898 mine
312 1847 456 1902 iudicarit:
495 1848 660 1898 «Horatium
689 1848 743 1897 non
780 1847 844 1896 mibi
858 1846 968 1910 quidem
977 1846 1099 1906 ridetur,
1117 1846 1150 1896 ab
1166 1845 1304 1907 Alcmana,

220 1928 364 1976 seriorem
384 1927 478 1989 egisse,
498 1927 545 1977 sed
563 1927 665 1977 urbana
681 1937 744 1990 qua·
781 1929 857 1976 cuius
879 1937 985 1975 carmen
1002 1927 1044 1978 vel
1067 1925 1118 1976 boc
1135 1927 1243 1976 nomine
1266 1925 1305 1974 di-

220 2004 652 2058 damadMaecenatemiocatione
666 2018 744 2056 usum
781 2006 868 2057 stabat
885 2004 918 2055 ab
936 2004 1093 2064 Horatiano,
1116 2005 1189 2067 quod
1210 2010 1237 2054 in
1259 2003 1305 2054 ilio

221 2090 364 2146 putamus,
388 2096 441 2146 qua
458 2090 564 2146 potitam
582 2100 611 2138 se
633 2085 744 2148 quidem
782 2084 972 2137 enarrabantur
1000 2084 1091 2146 populi
1113 2085 1259 2145 portentosi
1278 2089 1306 2133 et

222 2171 249 2217 et
264 2169 373 2226 propter
394 2164 511 2214 lauream
529 2164 743 2227 poetieambaud
781 2165 930 2227 longissime
952 2175 966 2212 a
990 2161 1102 2214 Graecia
1122 2165 1235 2222 remoti,
1259 2161 1306 2210 lli·

220 2245 359 2308 indignum
368 2244 531 2296 Maecenatis
552 2248 669 2296 amicitia
684 2256 745 2306 pro·
782 2243 873 2305 pbaei‚·
894 2241 1035 2293 Issedones
1050 2247 1119 2301 cct.;
1139 2244 1167 2291 in
1189 2241 1240 2291 bec
1258 2254 1306 2292 au-

221 2324 359 2382 iitereiur‚
378 2322 425 2373 sed
451 2336 499 2385 per
520 2326 743 2385 ipsam‘summae
781 2323 1306 2393 temomnisipoiveiaqsuspicionlpror-
1332 2350 1336 2353 ,

221 2404 406 2454 ostentationis
426 2403 636 2462 simulationem,
659 2414 731 2464 quen
782 2415 826 2453 sus
845 2406 993 2464 repugnant
1005 2399 1102 2452 rerba:
1124 2407 1149 2450 ct
1165 2401 1213 2463 qui
1229 2402 1306 2451 diesi·

222 2488 278 2532 tum
293 2482 476 2531 ostentationis
493 2485 595 2549 vanitas
615 2483 695 2532 distet
711 2482 744 2532 ab
782 2482 868 2531 meiat
884 2485 982 2529 metum
998 2479 1108 2530 Merrae
1121 2479 1239 2528 cohortis
1252 2481 1306 2529 Da-

221 2560 316 2612 iestiri
338 2559 451 2609 bominis
474 2561 605 2612 hilaritate
628 2562 744 2621 declara·
782 2574 835 2610 car.
855 2559 963 2628 nimicus
977 2557 1085 2620 quidem
1097 2570 1172 2608 meus
1185 2558 1306 2619 aliquan*

222 2644 291 2690 ret.»
305 2661 337 2673 -
356 2637 426 2688 illud
445 2645 506 2689 ante
525 2643 614 2691 omnia
633 2641 744 2692 Horatio
782 2640 816 2689 do
833 2639 899 2689 baec
915 2637 978 2687 mibi
998 2639 1123 2696 scripsit:
1145 2636 1228 2687 «Non
1247 2639 1307 2688 sine

221 2718 388 2778 propositum
405 2723 481 2777 crat,
502 2723 550 2778 ut,
570 2720 665 2770 multos
684 2732 744 2770 oum
781 2717 1305 2778 causanonnnllitotoincarminerepre·

221 2795 332 2846 baberet
349 2797 457 2857 iniquos
478 2802 558 2859 atque
586 2798 744 2850 obtrectato·
781 2784 1212 2848 bendissemilrividenturncscio
1226 2809 1307 2859 quem

221 2888 279 2933 res,
300 2876 395 2934 partim
415 2877 497 2926 malos
519 2881 628 2937 petros,
649 2881 743 2940 partim
781 2877 995 2948 capevbvpcov.
1014 2876 1156 2926 Praeterea
1165 2876 1236 2926 baud
1250 2877 1306 2926 seio

220 2954 404 3018 grammaticos
426 2957 612 3017 antiquarios,
647 2957 680 3007 ab
701 2969 744 3008 ue·
782 2969 815 3006 an
829 2969 888 3007 ‘non
908 2956 994 3017 putidi
1022 2955 1123 3017 aliquid
1148 2955 1245 3006 babeat
1263 2969 1305 3006 rr.

221 3033 340 3095 qualium
360 3036 468 3093 optimis
483 3036 637 3098 quibusque
659 3042 686 3087 et
704 3048 744 3086 sa·
781 3035 892 3085 9-12.
913 3037 990 3085 nimis
1009 3041 1133 3086 accurata
1156 3035 1201 3086 iila
1217 3037 1308 3097 singu-

219 3113 336 3163 nlssimis
356 3113 464 3164 tandem
485 3121 674 3179 agnosceretur
692 3116 744 3164 iio·
782 3116 876 3175 larum,
897 3128 962 3177 quas
980 3114 1109 3173 subierit,
1129 3116 1307 3164 mutationum

219 3203 318 3240 martae
330 3191 423 3255 fidicen
438 3193 528 3263 lyrae}
549 3195 621 3257 quod
636 3194 743 3257 quidem
783 3197 860 3258 quasi
879 3196 1074 3245 enumeratio.»
1093 3193 1231 3254 Respondi
1252 3204 1306 3242 non

220 3273 387 3333 propositum
408 3284 468 3321 cum
488 3279 606 3335 teneret,
626 3274 687 3323 libri
705 3286 745 3324 se·
782 3277 863 3337 magis
881 3286 939 3326 eam
959 3274 1127 3334 displicuisse
1149 3272 1233 3324 videri
1253 3271 1308 3321 llo-

220 3350 301 3400 cundi
322 3351 416 3400 ultime
441 3355 575 3415 carmine,
598 3357 626 3404 in
648 3354 743 3403 illustri
782 3356 841 3405 ratli
862 3352 1018 3415 aequalibus
1043 3364 1124 3414 qnam
1137 3350 1238 3401 similes
1257 3365 1308 3414 με·

220 3430 280 3481 loco
301 3433 387 3492 posito
407 3435 435 3482 et
459 3434 503 3481 cui
521 3433 605 3483 lector
624 3434 745 3496 aliquan·
782 3429 989 3502 ταμορφώσεις
1007 3432 1161 3492 Ouidianas,
1181 3435 1207 3481 st
1225 3441 1307 3491 quae-

220 3512 304 3583 tisper
330 3510 423 3560 saltem
453 3512 588 3565 immorari
618 3512 742 3573 debebat,
782 3514 859 3563 sltem
871 3512 904 3562 ab
919 3519 1034 3574 utroque
1048 3515 1126 3572 podia
1139 3505 1306 3579 ἐνάργειαν,

220 3593 366 3650 antequem
379 3589 413 3641 ad
426 3593 534 3640 tertium
548 3592 643 3643 librum
662 3598 745 3641 trans·
783 3605 852 3655 quae
870 3591 947 3640 nobis
964 3591 1074 3642 iortasse
1094 3591 1173 3640 nimis
1196 3599 1307 3650 operosa

222 3671 290 3727 iret,
310 3681 385 3718 suam
408 3673 484 3731 quasi
510 3665 679 3722 ἀποθέωσιν
702 3682 745 3720 ce·
781 3671 913 3723 videatur.
952 3669 1005 3721 Sed
1028 3671 1111 3721 libere
1137 3669 1222 3718 iateor
1239 3671 1308 3717 stro-

220 3745 334 3805 lebrare,
353 3751 433 3809 atque
448 3750 523 3810 illud,
540 3755 570 3800 ut
588 3750 665 3810 primi
685 3748 744 3797 libri
783 3749 854 3810 pben
864 3749 970 3799 tertiam
983 3750 1048 3799 mibi
1060 3761 1169 3811 quoque
1184 3759 1238 3797 non
1250 3758 1307 3795 ma·

220 3828 335 3888 primum
353 3837 459 3879 carmen
468 3842 572 3880 summo
585 3842 634 3878 suo
647 3827 744 3879 fautori
782 3840 898 3891 gnopere
912 3827 1027 3887 placere,
1047 3833 1075 3878 ct
1092 3827 1144 3878 alia
1164 3832 1205 3876 est
1230 3826 1308 3885 spica

219 3904 365 3957 inscribere
386 3906 521 3968 decrerit3
546 3910 744 3960 carminarem
784 3906 875 3956 talium
897 3909 1010 3967 pictura,
1031 3912 1061 3957 ut
1078 3905 1149 3966 apud
1170 3904 1307 3961 Ovidium,

172 3996 178 4001 ·
221 3985 310 4034 iocoso
328 3981 470 4051 (burieeco)
488 3989 560 4039 bunc
572 3988 670 4038 librum
683 3999 745 4037 con·
783 3986 833 4035 alia
853 3984 968 4035 debebat
987 3998 1046 4037 esse
1068 3986 1152 4050 lyrici.
1176 4009 1206 4037 -,-
1230 3982 1309 4034 Cote-

221 4062 328 4120 cludere
341 4076 394 4114 non
407 4072 521 4128 poterat,
540 4068 591 4119 nili
603 4070 624 4118 si
638 4069 744 4133 ineptus
782 4078 841 4115 rum
856 4066 908 4114 lam
929 4064 1000 4126 apud
1021 4064 1136 4114 Graecos
1153 4064 1204 4114 boc
1223 4066 1309 4112 muta·

221 4144 278 4192 iure
303 4141 387 4193 videri
406 4145 547 4205 voluissct3
571 4157 660 4219 neque
680 4156 743 4196 vero
783 4145 861 4193 tionis
889 4146 917 4194 in
939 4156 1052 4208 cycnum
1081 4140 1245 4207 φάντασμα
1267 4154 1309 4192 re·
