2908 4796
240 369 322 440 092
624 368 772 419 uoarrrr
791 366 934 421 pronon

284 531 370 613 Quis
390 530 494 595 sudor
517 531 619 595 vietis
641 533 676 595 et
698 548 794 615 quam
817 528 923 594 maius
944 525 1091 610 undique
1113 523 1269 589 membris

328 649 459 718 Crescit
483 651 583 737 odor,
606 669 679 717 earn
702 669 789 736 pene
811 650 923 715 soluto

285 773 483 839 Indomitam
505 776 667 858 properat
689 769 973 855 rabiemsedare3
997 784 1105 853 neque
1128 767 1174 831 iiii

328 897 396 961 iam
421 899 532 961 manet
553 892 686 959 humida
709 894 803 958 ¹areta
825 892 985 975 colorque
1044 910 1048 915 ’
1267 883 1335 944 Δ10

284 1011 446 1083 Stercore
470 1016 604 1082 fucatas
626 1012 804 1094 eroeodiii,
827 1014 957 1097 iamque
980 1010 1133 1077 subando

328 1138 438 1204 'Penta
460 1140 581 1205 cubilia
604 1144 761 1221 tectaque
784 1127 925 1218 rumpit!
1120 1130 1124 1133 “

286 1260 350 1325 Vei
373 1277 445 1324 mea
468 1277 540 1325 eum
564 1259 677 1322 saevis
699 1257 809 1345 agitat
831 1253 972 1320 fastidia
993 1256 1124 1320 verbis:

329 1380 468 1447 Inachia
490 1382 633 1466 langues
654 1380 761 1442 minus
782 1394 823 1442 ae
846 1395 911 1454 rne3

285 1502 454 1569 Inachiam
479 1504 532 1566 ter
554 1503 653 1566 noete
676 1504 791 1585 potes,
816 1498 891 1564 mihi
915 1517 1048 1584 semper
1069 1497 1113 1564 ad
1134 1517 1234 1563 unum
1292 1499 1332 1559 15

327 1623 444 1688 Moiiis
466 1641 562 1706 opus.
606 1621 730 1686 Pereat
752 1622 855 1702 maie,
879 1639 964 1706 quae
987 1625 1022 1687 te

296 1772 321 1821 8.
344 1769 447 1820 creseat
465 1782 479 1819 a
498 1776 524 1821 et
542 1774 669 1832 quattuor
685 1769 756 1820 Pott.
784 1794 814 1806 -
869 1770 895 1819 9.
915 1784 962 1820 oea
979 1769 1065 1821 LCtF.
1086 1768 1236 1833 (Lectiones
1256 1786 1282 1823 r.
1301 1772 1330 1827 9.

244 1855 334 1905 καφ,
355 1855 422 1904 quas
440 1841 524 1891 Bothe
545 1840 636 1891 tribuit
654 1840 794 1900 Glareano‚
813 1848 960 1903 properant
978 1866 989 1877 ·
1007 1865 1018 1877 ·
1035 1842 1154 1891 nectitis
1171 1866 1182 1876 ·
1201 1865 1211 1878 ·
1229 1844 1332 1904 rampo

244 1941 255 1952 ·
273 1938 284 1947 -
301 1913 406 1978 opiter,
427 1917 497 1962 eerte
517 1924 570 1962 non
583 1914 754 1973 repertantur
766 1913 793 1960 in
810 1914 867 1963 etue
885 1911 936 1961 lid.
956 1911 1077 1974 Friburg.
1099 1906 1188 1974 1533.)
1353 1909 1358 1916 '

245 2033 307 2082 pere
328 2020 462 2071 horreat.»
483 2043 514 2053 -
533 2018 614 2078 onae]
633 2023 693 2068 ante
712 2032 767 2069 om·
803 2024 880 2068 eata:
899 2018 980 2067 aeide
1001 2019 1067 2068 ieret
1085 2018 1172 2068 oblite
1188 2023 1272 2067 areta.
1298 2043 1331 2055 -

131 2128 135 2137 ·
243 2113 302 2150 nee.
324 2100 413 2148 «Uaro
431 2111 511 2160 saepe
531 2098 708 2160 superlativis,
727 2110 767 2147 ra·
803 2095 925 2160 [aeetae]
943 2099 1025 2148 niaco
1047 2099 1330 2149 taeieitndaetue.»—

244 2192 273 2228 ro
287 2182 470 2239 comparativis
480 2179 661 2241 adiungitur.»
682 2177 767 2226 Wao·
803 2175 942 2240 crocodili]
961 2176 1085 2229 Clemens
1098 2178 1248 2242 Paedagog.
1260 2179 1288 2239 3,
1301 2179 1330 2237 2,

241 2271 298 2307 aaa
315 2258 348 2308 ad
372 2258 440 2307 Aen.
464 2259 499 2315 i,
521 2258 562 2306 15.
584 2282 615 2292 -
637 2252 765 2318 Polyper]
802 2258 839 2308 7:
870 2254 1029 2328 Τρὶςγάρ,
1049 2253 1202 2321 ου’χᾶπαξ
1216 2255 1332 2310 ἀπολω-

243 2336 344 2387 Eadem
356 2338 507 2398 quantitate
518 2335 573 2386 sat.
588 2337 618 2394 1,
626 2333 653 2395 3,
663 2334 690 2383 4.
706 2346 767 2395 pro·
803 2336 885 2386 λέναι
908 2335 1021 2386 δίκαιαι
1038 2335 1233 2406 κροκοδείλων
1257 2332 1333 2386 ἀπο·

242 2421 300 2477 pter
318 2416 431 2466 litteram
449 2415 579 2477 liquidam
596 2415 620 2470 i,
641 2420 671 2464 ut
686 2415 768 2464 metor
803 2412 907 2476 πάτοις
919 2413 1069 2485 χρώμεναι
1084 2415 1136 2464 καὶ
1153 2411 1332 2480 σηπεδόνων

242 2499 269 2546 in
287 2497 373 2547 Persii
398 2494 469 2545 Proi.
498 2509 523 2546 r.
549 2493 598 2545 nit.
632 2499 712 2556 atque
739 2496 766 2543 in
802 2489 912 2563 ἀφροῑς
928 2490 1132 2562 ἐγχριόμεναι.
1152 2494 1221 2544 Ptin.
1241 2493 1287 2553 28,
1302 2493 1330 2553 8,

243 2576 361 2626 eiusdem
375 2574 430 2624 Sat.
447 2575 478 2634 1,
500 2572 534 2622 tr
554 2572 592 2621 Na
609 2573 674 2621 miii
693 2573 768 2635 Poia-
802 2572 854 2621 aa:
883 2572 1016 2622 Groeediii
1036 2574 1164 2622 intrariae
1188 2573 1332 2638 diliperrtrr

241 2653 334 2702 domos
357 2658 408 2702 eet.
429 2652 480 2701 Alii
498 2650 765 2714 annuntiationem,
804 2651 985 2713 exquiruntur
1003 2651 1123 2701 terraneo
1133 2653 1229 2702 airtore
1249 2650 1331 2714 refer·

241 2733 478 2783 eineauetoritate.
495 2731 679 2781 Ceterumeir.
695 2728 765 2780 Geir.
804 2736 844 2780 τα.
876 2728 1029 2779 Crocodilon
1048 2730 1122 2779 iiiito
1149 2743 1182 2780 en
1204 2731 1261 2780 oieo
1288 2743 1332 2793 ep·

240 2811 267 2869 6,
285 2810 312 2869 8,
334 2811 361 2859 2.
388 2810 459 2860 ibid.
480 2808 558 2873 §.12
577 2811 669 2860 ulcera
689 2810 767 2859 aeris
801 2809 882 2870 pano
898 2808 1033 2858 maleactae
1054 2809 1084 2857 ia
1100 2807 1332 2870 remanerem

241 2891 349 2941 odorem
373 2889 479 2952 foedum
499 2890 610 2950 hebeat,
637 2890 767 2952 quodpe·
804 2887 874 2937 tollit
892 2893 943 2937 eet.
965 2911 996 2925 -
1019 2887 1153 2948 nubendo]
1172 2901 1275 2950 «snpra
1292 2891 1331 2941 ri·

239 2983 291 3019 ner
309 2966 404 3020 Graeci
426 2964 549 3033 ὅζαιναν
566 2969 712 3032 appeltam.
733 2991 766 3002 -
804 2980 862 3018 rum
879 2980 907 3018 ee
923 2966 1075 3030 agrando.»
1095 2968 1200 3019 Senon.
1215 2981 1331 3018 —rem·

243 3046 341 3112 intrans]
363 3050 490 3100 molestus
504 3048 571 3098 odor
585 3048 704 3098 hircinus
715 3048 765 3097 sub
800 3046 853 3109 pti]
873 3047 974 3097 «iaetus
999 3049 1103 3097 intortis
1120 3047 1228 3100 ionibus
1246 3064 1269 3101 a.
1291 3051 1331 3102 io·

242 3131 302 3178 alie.
318 3153 349 3164 -
364 3125 447 3190 rubet}
469 3129 559 3179 «reiut
571 3128 608 3177 ibi
622 3127 730 3176 intrat.»
804 3128 840 3175 rie
858 3138 889 3176 ae
907 3125 1022 3176 iaeetoiie
1046 3126 1189 3177 subterius
1214 3130 1330 3193 eiusque

276 3207 387 3257 7-12.
407 3204 493 3268 vietis]
515 3210 610 3258 «senio
631 3209 686 3256 iam
705 3207 767 3255 tiae·
804 3210 890 3266 teoto,
911 3204 939 3254 id
959 3213 1019 3265 est,
1038 3206 1180 3265 aulaeum,
1203 3207 1331 3260 Baiae·

242 3287 324 3344 etdie,
344 3287 498 3336 marcidis.»
518 3285 552 3334 fl.
569 3286 587 3334 i.
600 3285 764 3348 bisyitairnm.
804 3286 905 3345 cirin,
926 3292 956 3335 ut
974 3290 1092 3345 corruat,
1109 3284 1172 3336 tacit
1184 3287 1330 3339 vehemen-

244 3365 298 3415 Cir.
313 3365 421 3420 Lueret.
436 3363 468 3424 3,
488 3363 557 3413 386:
577 3364 697 3414 ceeiairre
714 3364 766 3411 eie·
803 3370 844 3416 ter
861 3378 889 3416 re
901 3365 1053 3428 agitando.»
1073 3362 1167 3428 (Toeto
1182 3366 1227 3416 aiii
1240 3372 1330 3419 minna

241 3449 298 3494 tom
313 3443 422 3495 Vestem.
446 3467 476 3480 -
493 3455 560 3505 pene
571 3440 675 3504 rotato]
697 3442 767 3493 «de-
803 3451 875 3496 reete
888 3448 1072 3510 integumenta
1088 3459 1110 3496 a.
1127 3446 1245 3511 anagnia
1265 3447 1330 3499 teeti

242 3524 366 3573 tarento».
389 3524 491 3574 Senon.
514 3522 602 3571 «Cum
616 3524 688 3572 coitu
707 3534 766 3583 per·
802 3522 1030 3588 interpretantur).
1059 3546 1062 3551 ¹

242 3609 301 3653 aeto
322 3606 362 3653 vir
382 3605 435 3652 iam
453 3603 569 3665 languet,
589 3600 765 3650 iiianondum
838 3603 970 3654 13-16.
1005 3603 1047 3653 Vel
1065 3599 1139 3666 meo]
1170 3603 1244 3655 Nova
1268 3614 1330 3656 aen-

245 3685 339 3735 eatt'ata
361 3687 443 3745 magis
470 3684 549 3731 etiam
571 3682 697 3744 restingui
721 3691 767 3730 eu·
803 3686 886 3734 tentia
902 3695 962 3733 eam
976 3682 1268 3745 abruptiurinteretnr,
1289 3685 1330 3732 in·

243 3765 282 3824 pia
301 3761 438 3812 libidinem
461 3768 537 3810 suern
562 3760 716 3810 effrenatam
736 3771 765 3807 aa
802 3762 983 3825 dignationem
1003 3767 1099 3825 poetae
1118 3764 1222 3825 egregie
1242 3763 1330 3822 expri-

243 3841 404 3891 rabiosam.»
421 3835 563 3900 -monet]
586 3841 764 3889 nomneetam
803 3844 859 3890 mit.
890 3843 1007 3892 «Rursus
1029 3855 1109 3904 quam
1129 3845 1283 3901 importuna
1302 3844 1330 3891 et

242 3921 306 3980 inei,
323 3919 527 3983 quibusutitur,
555 3925 663 3980 propter
687 3918 765 3967 sude·
803 3921 980 3972 abominanda
999 3927 1061 3979 est,
1092 3933 1152 3970 eum
1178 3920 1327 3977 fastidiam,

242 4011 296 4048 rem
319 3997 473 4048 diffluunt.»
493 4022 523 4032 -
539 3994 622 4059 oreta]
642 3996 719 4047 Creta
735 4003 765 4045 ut
803 4013 856 4062 quo
870 4012 927 4050 eam
942 3999 1052 4062 repello,
1071 4002 1156 4051 saeris
1174 3999 1328 4061 opprobriis

242 4087 348 4127 cerussa
371 4090 417 4137 pro
436 4076 498 4126 iueo
518 4077 673 4126 utebantur.
694 4076 765 4126 Mar·
803 4080 954 4143 exagitati»
994 4078 1032 4129 Ex
1057 4091 1098 4130 rr·
1124 4079 1151 4129 7.
1177 4091 1255 4141 seqq.
1280 4079 1330 4142 pei

240 4153 296 4203 tiai.
310 4153 337 4213 a,
359 4152 403 4213 93,
420 4155 447 4203 ii.
469 4156 502 4208 de
523 4156 571 4206 tait
593 4154 706 4233 muliere
723 4154 764 4204 in·
800 4159 882 4207 rarior
897 4159 979 4209 eiiee:
1000 4170 1097 4220 aquam
1110 4156 1328 4217 itemioedaeet,
