2854 4824
574 371 785 422 ancarano.
833 450 839 465 Ι
1164 378 1211 426 vlt

12 500 14 573 i
103 515 326 603 excogitatae
362 520 486 580 essent
516 517 559 581 ab
586 518 731 605 ingeniis
758 520 957 606 sagacitatis
988 523 1213 590 ostentandae

107 644 203 692 causa
225 644 385 691 severas
406 626 606 712 disciptinae
629 630 765 695 criticae
782 630 878 718 leges
900 631 1041 697 licenter
1062 635 1213 723 migran-

112 741 202 803 tibus
245 733 353 803 Sane
370 756 435 822 per
456 741 601 825 quinque
617 739 678 805 tros
692 737 878 806 Carminum
897 742 1002 808 libros
1016 742 1101 810 duas
1115 745 1213 811 dum-

114 855 202 916 taxat
236 852 467 916 conlecturas
497 869 518 915 a
547 869 597 916 me
626 855 784 937 receptas
810 870 885 919 esse
907 856 1036 920 mantnt
1059 847 1147 937 (od.
1170 854 1214 946 d,

117 959 182 1048 17,
204 961 242 1026 5.
269 959 388 1045 ilpod.
410 960 454 1048 4,
477 953 551 1046 8.);
583 966 718 1030 ceterae
740 964 905 1030 lectiones
926 984 1041 1033 omnes
1061 969 1213 1035 nituntur

117 1073 174 1140 tide
195 1071 369 1140 Codicum
392 1073 543 1138 bonitate
565 1076 824 1158 praestabilium.

173 1182 465 1254 commentarium
506 1189 615 1251 autem
652 1205 769 1281 meum·
798 1193 877 1275 opis
920 1186 1085 1257 Mutiliae
1117 1212 1213 1259 more

120 1297 285 1386 modoqore
318 1313 364 1361 ex
395 1296 528 1379 optimis
560 1299 745 1383 quibusque
770 1301 990 1386 interpretum
1013 1304 1103 1370 curis
1125 1304 1211 1370 haud

120 1407 341 1498 indiligenter
370 1409 568 1472 examinatis
586 1414 629 1474 -et
659 1411 757 1475 novis
782 1414 995 1499 propriisque
1016 1413 1213 1481 adnotatio·

119 1521 226 1607 nibus,
251 1519 313 1584 ubi
340 1521 481 1584 materia
496 1521 735 1608 contingebat,
757 1527 881 1608 passim
896 1524 1020 1591 additis
1034 1530 1213 1614 composui.

169 1636 212 1700 In
240 1631 400 1720 singulis
429 1634 539 1696 autem
565 1632 663 1699 huius
685 1635 760 1700 libri
783 1638 930 1726 plagulis
951 1643 1110 1706 accurate
1132 1657 1213 1706 cor-

113 1746 263 1836 rigendis
294 1744 440 1809 mulium
469 1761 520 1809 me
550 1736 634 1810 iuvit
664 1745 792 1812 Baiteri
824 1751 884 1813 mel
910 1752 1016 1817 amica
1039 1751 1214 1837 diligentia

108 1863 203 1946 atque
225 1855 431 1924 assiduitas
451 1859 538 1923 omni
561 1856 660 1923 laude
682 1857 887 1947 dignissima.

138 1997 945 2106 &munmemmaxxummnamam.

336 2142 395 2221 Μ.
415 2151 543 2220 DCCC.
563 2154 748 2223 XXXVII.

556 2428 761 2438 *—

496 2687 836 2783 titulatio

358 2857 650 2916 unitionis
681 2858 968 2917 sueonum.

589 3023 750 3031 a———-—

172 3153 326 3218 Praeter
350 3154 642 3234 exspectationem
666 3154 931 3234 cumvenerit,
960 3158 996 3217 ut
1018 3154 1074 3218 vel
1096 3153 1216 3218 terreis

122 3258 167 3326 iris
186 3263 406 3348 temporibus
435 3263 498 3326 iam
522 3271 599 3347 post
628 3265 884 3349 quinquennium
907 3266 1099 3331 necessaria
1121 3263 1215 3329 lieret

123 3371 249 3439 Horatii
273 3375 340 3438 mei
358 3374 539 3457 repetitio,
562 3374 712 3460 equidem
728 3377 880 3461 praestiti
897 3375 984 3461 quod
1003 3376 1113 3462 potui,
1134 3393 1215 3443 cor·
1322 3423 1326 3439 .

123 3486 191 3547 rexi
212 3504 371 3568 errores,
393 3484 527 3569 addidi,
550 3505 636 3572 quae
658 3488 715 3553 illo
738 3506 780 3551 ex
804 3491 954 3573 tempore
971 3486 1089 3553 sedulo
1106 3488 1217 3553 colle-

124 3613 253 3681 geram..
307 3597 469 3663 Ceterum
511 3597 598 3662 ixaud
646 3617 753 3683 pauca
790 3599 895 3664 debeo
937 3596 1217 3680 Walckenaerio,

126 3704 412 3796 ltillenbnrgero‚
449 3708 628 3795 lribkero,
657 3709 824 3797 Frankio,
852 3710 1016 3798 negato,
1050 3714 1151 3796 atque
1183 3713 1217 3773 in

128 3817 284 3903 Epistolis
316 3817 471 3888 Obbario
502 3825 536 3886 ei
565 3812 746 3888 Schmidio'.
802 3822 900 3887 Nova
929 3825 1039 3888 autem
1068 3821 1217 3889 subsidia

125 3931 235 4000 critica
263 3936 394 4000 nactus
423 3951 492 3996 non
520 3953 611 4020 sum,
640 3938 874 4019 praeterquam
903 3936 935 3998 ln
968 3934 1131 4018 Epistolis
1164 3934 1217 3999 la-

123 4059 195 4110 cero
210 4044 384 4130 quaedam
402 4042 592 4130 fragmenta
607 4042 688 4111 God.
707 4043 949 4110 lltnsiediensis
963 4042 1041 4112 See.
1055 4043 1102 4110 X.
1114 4034 1201 4124 (u.)
1207 4062 1217 4126 3

119 4155 393 4225 sedaccuratius
406 4156 631 4239 nunctnspexi
643 4152 1007 4224 varietatemcodicum
1018 4154 1167 4222 libertini
1176 4172 1217 4219 ae
