2900 4820
586 387 737 436 liobam
757 387 945 440 conuitium

431 546 530 611 Hune
552 547 674 612 Lesbio
696 564 832 614 sacrare
855 550 983 633 pleotro

426 736 432 745 ,
472 665 586 750 'leque
608 670 750 752 tutasque
773 667 871 735 deoet
892 654 1036 735 solorea.

257 886 300 935 11.
320 884 424 949 Lesbio]
452 887 505 938 Ver
520 903 537 937 u
780 891 858 944 dore,
885 891 994 941 Tbebor.
1012 918 1040 928 -
1063 888 1247 959 (Falsauutem
1261 903 1301 945 est

221 968 351 1016 eoneluue
390 970 575 1026 compositum
619 969 662 1017 bie
696 982 743 1018 uo·
780 972 1102 1031 irrterpretis-euiusdum
1131 976 1241 1034 opinio,
1273 975 1299 1023 ld

221 1046 285 1095 mini
304 1047 410 1106 proprio
439 1045 581 1096 tribuenda
610 1053 666 1097 erat
693 1049 743 1098 ista
781 1054 913 1109 spectasse
928 1050 1077 1111 Horatium,
1096 1052 1254 1103 utLamiam
1267 1053 1301 1102 ad

222 1124 338 1174 lieentia.
357 1123 743 1177 Cir.LaebmauuumluFran-
781 1132 873 1190 poesin
884 1130 988 1193 lyricam
998 1133 1151 1182 tentandam
1160 1135 1300 1191 excitarem

222 1205 258 1253 lrii
279 1203 352 1253 lastis
370 1216 397 1263 p.
413 1202 475 1253 2³9.
502 1205 636 1267 Perquem
654 1211 742 1257 autem
780 1222 842 1259 nam
853 1223 903 1261 uec
916 1212 942 1259 ln
956 1211 1144 1271 poeueverbrs
1155 1213 1303 1274 quidquam

221 1290 357 1350 ingeniosa
376 1294 415 1338 est
429 1288 519 1340 subula
545 1291 615 1351 opud
639 1290 741 1340 Pbauo·
781 1292 866 1349 inest,
892 1290 963 1351 quod
983 1292 1033 1340 boe
1052 1291 1146 1352 prodat
1160 1297 1206 1341 dut
1224 1294 1303 1355 sigul-

223 1369 288 1421 elem
300 1382 326 1418 v.
345 1368 389 1416 16.
413 1374 441 1419 et
455 1368 532 1421 Ovld.
552 1370 618 1420 Met.
633 1373 684 1431 11,
697 1372 741 1421 55.
781 1369 851 1427 beet,
865 1374 892 1418 et
904 1371 981 1418 nimis
992 1382 1112 1433 mugnus,
1131 1373 1235 1430 opinor,
1250 1373 1303 1420 iam

223 1449 372 1499 eTbraelu
396 1449 511 1499 Lesbum
542 1449 658 1501 delatum
686 1464 743 1503 esse
782 1453 839 1497 erat
864 1448 1037 1498 mediocrium
1060 1454 1221 1510 poetarum,
1249 1450 1305 1499 llo-

224 1527 324 1589 Orpbei
347 1534 426 1589 eaput
450 1527 596 1592 lyramque.
628 1530 695 1590 Hie,
714 1537 745 1579 ut
782 1529 848 1578 ratio
873 1527 1015 1577 admodum
1040 1529 1231 1588 modestorum,
1255 1541 1305 1577 nu·

224 1607 302 1666 alibi,
326 1606 449 1668 Sapphus
469 1613 496 1658 et
519 1608 610 1659 Alcaei
634 1609 743 1672 lyricum
781 1621 879 1666 morus,
904 1620 983 1669 quam
997 1613 1026 1657 ut
1038 1620 1100 1657 eum
1119 1619 1216 1670 augere
1230 1610 1306 1669 eupi-

223 1699 317 1749 qeuus,
338 1690 379 1736 eui
393 1687 517 1736 Horatius
536 1688 742 1750 obsequebatur,
781 1688 854 1736 isset.
874 1687 958 1737 Immo
976 1686 1073 1738 blanda
1094 1692 1133 1737 est
1145 1687 1305 1750 gratulatio,

225 1766 363 1829 signifieat.
391 1792 422 1799 —
451 1764 569 1830 sacrare]
593 1768 744 1818 immortali·
782 1765 854 1826 lore,
874 1772 904 1815 ut
921 1767 971 1817 boe
989 1769 1047 1827 ipso
1062 1768 1177 1817 carmine
1194 1767 1307 1818 Lamiae

224 1848 271 1895 tati
291 1857 454 1895 consecrare.
475 1845 541 1897 Stat.
554 1846 617 1898 Silv.
628 1846 656 1906 d,
668 1847 696 1906 ’1,
711 1846 741 1896 7:
783 1859 880 1897 nomen
892 1854 1023 1908 perpetuo
1035 1841 1162 1909 maneat.)

225 1924 255 1974 st
276 1930 338 1974 tues
356 1929 437 1974 contu
449 1925 528 1976 Latio
544 1928 660 1980 sueroui,
683 1926 745 1976 Pto-
988 1940 991 1949 ’
