2944 4808
241 340 322 409 542
597 339 745 389 ΗΟΒΑΤΙΙ
766 338 954 391 castillione

558 493 924 554 EXOURSUS
964 497 1007 551 ΙΙ.

651 607 913 665 novun-te.

293 739 306 769 e
318 724 411 773 Giossa
431 725 528 784 nostrai
548 722 739 783 Grammatici,
760 724 835 774 titum
852 725 920 774 diem
940 723 1103 786 explicantis.
1142 724 1176 774 Et
1194 725 1323 783 observo,

240 804 365 867 plurimas
383 803 481 866 glossas
499 815 590 853 eroce
609 805 653 867 qui
672 806 810 866 incipere,
831 807 905 855 cuius
925 805 962 855 rei
982 807 1008 854 in
1029 804 1140 855 Horatio
1160 806 1240 857 muita
1258 805 1324 858 ridi-

239 898 297 935 mus
326 885 461 945 exempta,
491 889 517 933 et
540 885 566 932 in
591 884 642 932 hoe
667 886 724 946 ipso
748 886 865 935 carmine
896 900 921 937 v.
948 884 989 933 18.
1021 881 1077 948 (ubi
1102 886 1165 935 item
1185 883 1265 934 ieisus
1285 890 1326 934 est

240 962 352 1014 Criticus
370 963 517 1015 Leidensis.
533 958 597 1025 On.)
623 962 718 1025 Neque
732 964 796 1014 mihi
817 964 902 1025 piacet
920 963 994 1012 eima
1007 963 1117 1023 adorea,
1138 975 1227 1026 neque
1240 963 1325 1026 glossa

239 1056 301 1095 vera
320 1048 368 1093 est.
389 1043 463 1093 Dicit
481 1044 551 1092 enirn
565 1047 677 1103 auctor,
698 1046 834 1095 victoriam
848 1030 920 1106 apud
933 1042 1085 1094 Metaurum
1104 1042 1186 1093 tuisse
1196 1045 1324 1105 numam,

239 1136 320 1188 quam
338 1123 451 1173 Romani
470 1125 678 1184 reportaverint,
699 1137 730 1175 er
744 1137 797 1187 quo
810 1123 944 1178 Hannibal
964 1124 990 1173 in
1003 1124 1107 1174 italiam
1121 1125 1203 1175 venit.
1239 1122 1324 1186 Atqui

239 1209 341 1255 constat
360 1218 391 1256 ax
410 1205 548 1264 historiis,
568 1206 621 1254 iarn
640 1218 664 1255 a.
686 1219 712 1259 u.
734 1219 757 1256 c.
777 1204 839 1256 539.
861 1210 888 1255 et
906 1202 1012 1253 duobus
1031 1204 1206 1267 sequentibus
1219 1202 1326 1252 Poenos

238 1283 303 1335 aii.
319 1283 430 1334 Ciaudio
448 1282 575 1335 Merceiio
589 1289 710 1346 praetore
730 1283 802 1348 apud
817 1285 910 1335 Nolam
923 1281 1005 1334 tuisse
1020 1284 1182 1348 profligatos.
1230 1281 1325 1332 Ciedes

237 1363 311 1426 apud
329 1363 484 1415 Metaurum
504 1364 602 1413 accidit
617 1377 644 1414 a.
661 1379 689 1414 u.
705 1378 727 1415 c.
743 1364 805 1415 etr.
836 1363 981 1416 Marcellus
1000 1367 1085 1426 prima
1103 1366 1214 1416 victoria
1224 1362 1326 1413 Nolana

238 1444 331 1494 docuit
343 1443 522 1495 Hannibalem
533 1446 603 1496 vinci
618 1457 710 1509 posse,
731 1457 818 1509 eaque
831 1458 873 1496 res
887 1446 1025 1504 Romanis,
1045 1446 1078 1495 de
1094 1458 1122 1495 re
1142 1455 1246 1493 summa
1270 1441 1325 1492 iere

237 1525 292 1572 iem
312 1522 535 1584 desperantibus,
563 1527 680 1574 animum
699 1526 827 1576 reddidit.
874 1525 972 1589 ltaque
991 1526 1108 1575 historici
1134 1525 1191 1574 dies
1210 1522 1325 1574 Nolanos

238 1602 328 1653 multis
348 1603 474 1653 leudibus
493 1604 705 1655 celebraverunt.
743 1606 800 1655 Lir.
821 1605 866 1667 23,
891 1605 936 1656 16.
973 1605 1062 1658 Vaier.
1082 1605 1154 1655 Mer.
1175 1604 1201 1664 1,
1214 1601 1241 1653 d.
1278 1600 1326 1650 At-

239 1695 293 1744 que
312 1684 362 1732 ista
381 1683 612 1735 victoria'Noiane
639 1690 693 1734 tarn
712 1686 806 1736 crebro
830 1692 858 1738 et
874 1690 947 1749 grato
966 1687 1085 1736 omnium
1109 1696 1231 1734 sermone
1249 1693 1325 1732 usur·

238 1762 367 1823 nubatur,
396 1769 427 1813 ut
454 1765 648 1833 propemodum
676 1778 717 1817 ros
745 1768 773 1816 in
791 1766 962 1829 proverbium
981 1765 1085 1815 abierit.
1125 1759 1323 1813 ciceides.

239 1842 392 1907 Hieronym.
431 1844 482 1906 Ep.
501 1844 547 1893 7.»
568 1845 626 1895 ΗΡ.

291 1921 409 1983 Verum,
430 1928 462 1972 ut
480 1936 550 1986 quae
567 1924 687 1974 historici
707 1927 769 1974 sunt
782 1923 930 1985 argumenti
944 1923 973 1971 in
985 1922 1035 1971 inec
1048 1922 1222 1972 adnotatione
1235 1921 1325 1970 omnia

239 2002 429 2061 concedamus,
450 2002 544 2067 quidni
559 2003 703 2063 Horatius,
724 2004 788 2052 dum
807 2000 934 2051 Claudios
948 1999 1067 2051 Nerones
1081 2002 1206 2063 patricios
1216 2001 1326 2049 summis

239 2079 364 2131 laudibus
384 2082 494 2141 extoiiit,
513 2083 551 2133 M.
566 2083 710 2135 Claudium
729 2081 885 2134 Marcellum
899 2081 1035 2143 plebeium
1055 2082 1231 2142 praeteriens,
1251 2090 1326 2142 pree·

238 2158 336 2210 cleram
362 2161 434 2221 iidem
459 2163 598 2213 victoriam
624 2162 689 2215 aC.
710 2161 823 2213 Claudio
841 2161 947 2213 Nerone
970 2173 1002 2212 er
1029 2161 1195 2212 Hasdrubale
1215 2160 1326 2211 relatam

240 2241 352 2301 primam
372 2239 417 2290 teii
436 2244 545 2293 nornine
563 2255 625 2293 vera
645 2242 752 2306 dignam
764 2254 859 2293 vocare
876 2241 1017 2303 potuerit?
1052 2239 1133 2303 Apud
1152 2248 1261 2302 poetam
1280 2253 1326 2289 au·

236 2324 292 2370 torn
311 2320 424 2384 lyricum
437 2323 464 2370 in
477 2322 662 2373 huiuscemodi
677 2321 803 2384 exemplis
817 2335 847 2372 er
860 2322 1038 2385 antiquitate,
1058 2334 1112 2371 non
1130 2335 1161 2373 er
1175 2321 1326 2386 praesentia

239 2400 359 2460 repetitis
388 2400 509 2451 historici
533 2403 668 2463 scriptoris
696 2402 896 2452 accurationem
933 2413 1039 2462 semper
1068 2404 1206 2464 requirere
1232 2413 1326 2453 sanum

239 2478 413 2541 interpretem
431 2481 524 2538 ratde.
547 2485 661 2545 opinor,
681 2482 804 2535 dedecet.
871 2542 873 2547 y
