2908 4796
503 350 619 401 LIBER.
659 352 767 404 enubi-
788 352 875 403 xvii.
1151 354 1227 424 721

271 509 394 575 Virens
415 510 450 573 in
471 509 585 577 Aetna
607 510 751 598 damma3
773 517 828 597 tu,
850 511 958 579 donec
981 515 1066 580 cinis

270 632 447 697 Iniuriosis
469 630 585 697 aridus
607 634 720 698 ventis
743 634 854 710 ferar,

270 734 371 819 Cales
393 756 535 819 venenis
557 753 691 820 officina
713 750 890 820 Colchicis.
1190 758 1230 818 ab

269 872 365 957 Quae
388 875 462 940 linis
483 879 542 940 aut
564 874 651 960 quod
675 893 725 940 me
747 880 859 943 manet
880 869 1114 961 stipendium?

268 995 399 1080 Effare:
422 997 531 1061 iussas
552 1013 625 1061 cum
648 994 713 1061 tide
735 1014 864 1081 poenas
885 998 990 1077 luam,

269 1115 415 1182 Paratus
436 1117 591 1201 expiare,
612 1135 672 1182 seu
695 1119 915 1202 poposceris.

269 1233 409 1303 Centum
433 1239 613 1323 iuvencos,
634 1238 707 1303 sive
730 1237 878 1304 mendaci
901 1239 976 1325 lyra

195 1393 239 1443 33.
268 1393 359 1443 Vtram
381 1376 442 1444 illc
466 1399 492 1445 et
515 1407 560 1445 ser
581 1393 719 1450 Pollioni,
746 1396 810 1446 liam
839 1394 913 1446 LCt:
945 1396 1025 1447 Urere
1044 1396 1074 1458 b,
1095 1398 1229 1450 Forento

145 1462 230 1514 Codd.
250 1463 384 1514 Bdntielus
403 1470 431 1515 et
447 1463 508 1514 Fili.
532 1486 558 1497 -
580 1471 627 1513 tua
645 1489 656 1498 ·
674 1488 686 1499 ·
705 1462 776 1513 Celet
794 1465 880 1517 Booti.
902 1469 972 1516 coni.
994 1463 1038 1528 (Ut
1056 1481 1119 1530 uos,
1139 1468 1228 1530 BhTe,

145 1537 196 1584 nisi
216 1534 287 1596 quod
306 1534 336 1583 b:
356 1541 413 1584 tam
430 1547 478 1596 pro
497 1529 547 1596 tu.)
566 1557 595 1567 —
615 1532 659 1582 38.
679 1534 813 1590 Paratus,
832 1537 941 1597 copiare
959 1538 982 1584 ri
998 1541 1149 1600 poposceris
1168 1539 1231 1588 Cea·

143 1609 200 1654 tom
217 1605 346 1659 iuvencis,
366 1606 420 1653 eloe
437 1604 556 1653 mendaci
573 1604 633 1675 tyro
656 1603 728 1652 Voles
744 1618 840 1654 tonare
859 1600 929 1667 (sle),
950 1606 988 1654 Tu
1002 1608 1116 1669 podica,
1136 1614 1166 1657 tu
1182 1609 1230 1669 pin

142 1673 258 1724 malebat
275 1674 411 1725 Bentleius
429 1677 456 1723 ln
474 1672 544 1721 Add.
567 1698 597 1710 -
633 1673 675 1724 ³9.
699 1674 814 1724 iuvencis
839 1680 943 1725 enoria
962 1676 1023 1727 lect.
1045 1678 1110 1727 bod.
1131 1678 1227 1728 Belial.

143 1744 292 1795 Bentleius.

144 1870 267 1920 naecbm.
288 1866 376 1929 5,’2,
393 1867 449 1918 'iiia
473 1868 555 1920 Viden
576 1873 606 1917 to
627 1867 668 1916 iili
707 1876 770 1929 pant
788 1883 848 1933 geo.
868 1870 931 1920 iem.
972 1870 1027 1921 Cle.
1050 1871 1082 1921 de
1097 1872 1177 1934 chg.
1199 1871 1226 1931 2,

142 1949 234 1998 oeulos
251 1946 358 1997 virere?
383 1948 414 1996 iit
434 1947 530 1996 viridis
547 1949 668 1997 emoritur
705 1948 757 2011 22,
776 1950 826 1998 55:
846 1962 916 2011 quoe
932 1949 992 2013 finis
1010 1951 1133 2012 foneetoe
1150 1948 1231 2011 fomi-

141 2028 213 2078 eolor
225 2029 268 2076 lto
285 2026 450 2087 temporibus
467 2031 545 2089 atque
561 2025 667 2088 frontet
706 2026 766 2076 iios.
786 2026 890 2077 Atticus
909 2027 980 2088 apud
999 2027 1055 2077 Cle.
1072 2027 1106 2077 ad
1124 2027 1180 2076 Ait.
1200 2027 1227 2088 9,

141 2108 242 2158 Verum
264 2107 362 2155 rectior
382 2108 565 2166 interpretatio
579 2112 621 2156 est
634 2107 667 2157 de
706 2107 754 2165 to,
771 2105 807 2155 l:
828 2100 895 2169 quoe
911 2108 979 2155 enim
1000 2108 1061 2171 finit
1070 2108 1229 2168 praeprinc-

141 2187 264 2238 flammae
290 2184 438 2243 culturare,
462 2184 568 2245 quoiam
590 2186 668 2236 exba-
705 2185 809 2234 tionis?
830 2208 860 2219 -
880 2183 1016 2248 colobiati]
1037 2184 1166 2236 «Medeae
1185 2200 1230 2237 ve·

141 2266 179 2318 lat
208 2265 314 2323 Aetna,
344 2264 432 2314 colore
463 2266 534 2314 inter
558 2265 666 2327 gllrurn,
705 2276 835 2315 nouorum
859 2264 1026 2313 simillimis.»
1057 2262 1160 2322 οᾱ.2,
1183 2264 1227 2323 13,

141 2345 257 2397 viridem
272 2349 298 2393 et
319 2343 471 2397 caeruleum
489 2344 588 2394 medio.
616 2343 669 2392 Re·
705 2344 731 2393 8.
755 2363 785 2380 ·-
803 2341 982 2405 stipendium]
1011 2341 1170 2393 vocabulum
1190 2350 1230 2394 est

141 2425 231 2488 liquae
251 2424 319 2474 duae
339 2424 467 2473 lectiones
484 2426 578 2484 partim
594 2436 668 2474 mero
705 2423 840 2482 madium,
869 2428 900 2471 ut
925 2422 1089 2484 proemium,
1112 2434 1228 2478 merear,-

141 2507 227 2555 errori
257 2502 390 2554 debentur
415 2498 542 2563 (urens),
572 2505 668 2563 partlm
706 2504 765 2553 b.i.
785 2503 866 2565 igitur
884 2502 993 2560 «multa,
1015 2512 1135 2563 poenae,
1155 2513 1228 2550 non:

141 2583 343 2645 interpolationt
371 2577 509 2644 (sormi
541 2594 589 2641 pro
614 2593 668 2644 qua
710 2593 794 2642 eopus
815 2593 917 2641 poenae
936 2581 993 2630 loco
1014 2581 1194 2629 iniunctum.»

141 2664 259 2714 abierunt
277 2661 385 2710 Lueret.
408 2661 441 2719 2,
460 2659 533 2710 baaz
553 2661 668 2710 Eaimir'e
741 2660 865 2709 iia-to.
891 2655 1010 2721 expiere]
1041 2670 1152 2719 «poena
1170 2671 1185 2709 a
1204 2663 1230 2710 te

139 2754 204 2792 vero
216 2742 286 2805 furit
293 2739 399 2805 ipnibae
411 2740 630 2800 impetasdetnoe
642 2744 669 2790 et
706 2743 850 2790 constituta
868 2741 1002 2801 patienter
1022 2738 1163 2790 subeunda
1176 2738 1232 2789 lus·
1287 2800 1291 2809 .

140 2821 237 2882 virgil.
260 2818 327 2869 Aen.
347 2818 382 2879 b,
406 2817 475 2868 671:
494 2818 668 2881 flammaeque
706 2833 734 2870 re
754 2824 862 2881 peecata
890 2832 965 2877 mea,
992 2819 1046 2869 sire
1064 2822 1230 2880 poposceris,

139 2898 269 2962 furenter·
297 2896 343 2947 Ae
359 2910 437 2948 nemo
462 2905 541 2960 negat
569 2909 617 2957 per
638 2910 667 2947 se
706 2905 735 2949 ut
761 2895 935 2962 ἑκατόμβην
964 2909 1010 2957 pro
1036 2899 1143 2958 piaculo
1161 2898 1230 2949 oile-

139 2980 192 3029 boc
211 2982 285 3028 reete
305 2975 376 3025 dicit
401 2989 492 3027 verum
512 2976 600 3027 obstat
621 2989 668 3026 uu·
706 2990 760 3028 ram
774 2982 843 3027 eet.»
865 2977 984 3037 Explere
1000 2978 1230 3027 centumiaoener't

139 3060 251 3126 cionitas
283 3054 368 3105 Codd.
398 3058 549 3118 antiquiss,
568 3055 673 3118 quibus⁴
707 3059 755 3107 etsi
769 3069 817 3117 per
834 3067 861 3106 se
875 3060 1042 3111 mammeri,
1062 3061 1150 3107 tamen
1170 3069 1229 3116 pro·

140 3141 239 3200 utique
271 3133 456 3196 obtemperare
483 3137 566 3186 satius
593 3135 666 3185 duxi.
706 3142 765 3198 pter
794 3146 951 3185 consensum
977 3132 1062 3183 Codd.
1085 3137 1226 3197 antiquiss.

139 3217 270 3268 Ceterum
288 3219 429 3263 construe:
449 3213 668 3279 Sioonoptomma
706 3214 883 3266 reiiclendum
916 3225 976 3264 esse
1007 3212 1157 3264 ridebatur.
1195 3241 1227 3251 -

137 3298 228 3346 virens
239 3294 318 3344 ardet
336 3291 462 3341 interne
483 3291 600 3353 imita,
619 3293 668 3343 etsi
705 3295 827 3344 mendaci
856 3289 926 3354 lyra]
957 3292 1053 3343 lieditu
1075 3305 1155 3354 opera
1186 3293 1229 3344 bie

139 3374 233 3425 Sobel.
255 3376 385 3434 lunguntr
400 3372 435 3419 ‘in
454 3369 553 3419 Smeno
572 3369 667 3420 Aetna.
706 3373 739 3425 ab
757 3373 891 3444 εἰρωνείᾳ
918 3373 1010 3423 leviter
1028 3383 1059 3421 ae
1083 3384 1229 3432 propecc-

173 3451 304 3502 ea-ab.
325 3457 369 3504 tu,
396 3445 493 3511 donee]
513 3449 668 3499 «Continuo
707 3448 776 3502 culte
797 3451 936 3511 discessit,
961 3458 991 3500 ut
1009 3453 1036 3500 ln
1055 3451 1106 3501 iilis
1125 3466 1150 3503 r.
1170 3452 1227 3502 19:

139 3545 271 3583 exercens
291 3535 362 3581 artes
380 3535 439 3579 tuas
453 3530 583 3591 magicas,
604 3534 670 3578 tam·
706 3530 806 3579 Amore
819 3535 870 3580 cet.
890 3530 1021 3581 Nimirum
1034 3530 1229 3592 mendaciora

139 3624 225 3674 quam
248 3613 270 3660 si
294 3612 352 3670 ipsu
373 3620 444 3657 esses
467 3607 572 3657 cilicina
590 3619 669 3658 rene·
707 3609 830 3671 ambigue
859 3608 987 3671 significat
1010 3613 1036 3658 et
1068 3621 1136 3670 quae
1167 3616 1229 3661 ante

138 3703 239 3741 norum
259 3688 550 3750 somersettensium,
570 3699 669 3749 quoea
707 3684 804 3751 (Epod.
831 3684 869 3750 5.)
898 3689 1006 3738 mentita
1029 3692 1085 3737 erat
1113 3691 1139 3737 in
1164 3689 1229 3739 inia-

139 3773 356 3831 praeparentur,
386 3778 428 3815 me
459 3766 589 3818 conticere
614 3778 668 3815 non
707 3768 803 3818 manda
821 3766 931 3818 Canidia
951 3772 977 3816 et
995 3779 1063 3828 quae
1085 3770 1230 3818 mentietur

139 3849 262 3906 desines,
287 3848 372 3897 donee
393 3846 458 3894 cluis
470 3858 546 3895 meus
559 3848 586 3895 iu
607 3859 670 3896 ren·
708 3860 764 3897 eam
779 3846 922 3897 laudando.
938 3871 969 3880 -
981 3843 1131 3909 inpudico]
1153 3848 1229 3899 «lias-

139 3935 181 3978 tos
196 3924 669 3989 dispergatur.»-tntortoatanuia
708 3939 738 3976 oe
764 3926 855 3976 laudes
884 3924 930 3974 tibi
955 3925 1067 3974 tribuam
1095 3931 1176 3988 atque
1196 3927 1229 3976 ad

138 4008 208 4057 baec
221 4017 328 4056 summu
348 4005 446 4053 iniuria
464 4007 491 4053 et
509 4005 669 4055 contumelia
709 4006 811 4057 eaelum
827 4010 853 4055 ts
870 4005 1005 4054 silerem.»
1034 4003 1161 4054 Similiter
1182 4005 1231 4056 Ca·

139 4091 200 4145 est,
230 4088 336 4135 cineres
354 4086 383 4132 in
404 4087 497 4133 ventos
518 4089 615 4147 spargi.
637 4111 669 4121 -
708 4085 766 4135 tull.
794 4084 845 4144 42,
873 4083 925 4133 iii:
959 4083 1094 4133 «Maecio
1118 4086 1228 4146 putido,

139 4164 217 4226 Quae
234 4160 310 4228 finis]
331 4156 481 4213 lloosensu
494 4174 575 4224 saepe
593 4178 670 4214 usur·
707 4163 787 4214 redde
804 4163 967 4212 codicillos.»
991 4188 1018 4199 -
1040 4160 1092 4210 Sed
1112 4163 1152 4212 nil
1168 4177 1232 4225 pro-

182 4272 263 4310 llonnr.
282 4282 325 4307 vos,
343 4270 350 4305 Ι
387 4282 411 4306 ιιι
435 4284 478 4309 near.
496 4272 519 4309 it,
940 4241 981 4301 ¹16
