2854 4824
635 311 782 364 nouauit
802 312 989 366 CARMINUM

514 472 712 534 Ventorumque
734 478 806 535 regat
830 480 920 545 pater,

548 551 685 601 Obstrictis
703 550 760 601 aliis
779 558 883 612 praeter
900 552 1014 614 iapyga,

514 631 614 688 Navis,
634 642 702 691 quae
721 631 768 679 tibi
787 631 915 681 creditum

550 707 638 758 Debes
656 709 796 772 Virgilium
814 710 911 760 finibus
929 710 1021 760 Atticis

514 789 620 840 Reddas
638 789 820 850 incolumem,
840 802 954 850 precor,

550 869 585 918 Et
602 882 688 921 serves
707 871 809 920 animae
829 869 966 918 dimidium
984 881 1097 941 mesen,

516 948 557 999 llli
576 947 656 998 robur
674 954 701 998 at
718 962 763 999 aes
781 949 876 1009 triplex
912 1012 915 1021 ¹

550 1026 625 1077 Circa
643 1032 735 1089 pectus
754 1032 827 1085 erat,
848 1029 894 1088 qui
913 1026 1030 1092 iragllem
1048 1032 1116 1081 truci
1319 1021 1353 1071 1⁰

516 1105 653 1157 Commisit
670 1106 762 1168 pelago
780 1096 863 1157 ratem

548 1185 652 1235 Primus
670 1197 720 1234 nec
737 1187 825 1235 timuit
843 1189 1015 1248 praecipitem
1031 1187 1150 1240 Africum

513 1264 697 1316 Desertantem
715 1263 905 1326 AquIlonibus,

550 1345 605 1394 Nec
624 1346 709 1393 tristes
728 1343 832 1405 Hyadas
850 1355 900 1394 nec
918 1344 1018 1395 rabiem
1034 1344 1107 1397 Noti.

515 1423 703 1487 Nequidquam
721 1422 787 1472 deus
804 1424 916 1473 abscidit

552 1502 672 1553 Prudens
691 1501 797 1552 Oceano
817 1502 975 1554 dissociabili

516 1581 628 1641 Terras,
649 1583 670 1630 si
689 1587 776 1631 tamen
794 1588 890 1646 impiae

550 1661 609 1712 Non
627 1663 757 1723 tangenda
775 1670 843 1715 rates
857 1662 1008 1715 vtransiliunt
1025 1666 1100 1716 vada.

515 1739 558 1790 Nil
576 1740 728 1790 mortalibus
748 1745 859 1795 arduum
879 1749 927 1795 est.

552 1819 660 1869 Caelum
679 1822 764 1881 ipsum
783 1827 896 1884 petimus
915 1824 1150 1889 stultitia,'ueque
1326 1829 1360 1877 20

516 1898 568 1949 Per
585 1906 703 1951 nostrum
721 1906 835 1963 patimur
851 1903 935 1953 scelus

494 2028 496 2033 ,
550 1978 680 2030 Iracunda
698 1981 788 2033 lovem
807 1996 905 2043 ponere
924 1978 1054 2032 fulmina.-

310 2064 411 2126 Quodsi
435 2064 505 2115 hunc
528 2065 684 2128 Horatium,
709 2082 800 2120 verum
824 2073 937 2131 scilicet,
957 2073 1035 2122 edere
1057 2072 1169 2134 liceret,
1192 2083 1261 2138 quot
1280 2089 1362 2139 quan·

275 2146 362 2208 tlsque
382 2145 516 2194 laboribus
535 2149 561 2193 in
584 2151 717 2207 posterum
739 2154 912 2212 supersedere
936 2153 1089 2214 possemus!
1128 2154 1241 2205 Etenim
1254 2158 1282 2205 in
1311 2169 1364 2206 uno

275 2223 326 2274 hoc
348 2227 461 2274 carmine
486 2221 604 2288 (migrata
628 2227 693 2276 licet
715 2228 771 2291 lege
798 2232 948 2283 Melneclria
972 2233 1005 2283 de
1025 2238 1220 2294 quaternorum
1239 2248 1365 2288 versuum

275 2300 398 2368 strophis)
428 2303 526 2354 xviii.
552 2308 693 2356 versiculos
717 2306 750 2357 ab
771 2311 866 2372 ineptis
891 2309 1072 2362 Grammaticis
1099 2304 1251 2365 inculcator
1271 2326 1365 2365 securo

276 2380 380 2464 silentio
401 2385 578 2434 transiremus.
1319 2417 1326 2421 —

723 2531 907 2546 ————

589 2644 952 2709 uxcuitsus
989 2648 1035 2707 11.v

727 2760 900 2820 Aquili.

313 2869 412 2922 Ceteris
432 2883 462 2921 er
480 2871 561 2935 locis,
583 2876 629 2925 ubl
647 2876 749 2939 Virgilii
768 2884 862 2940 poetae
881 2883 1040 2930 mentionem
1055 2880 1136 2943 lacit,
1158 2886 1297 2947 imprimis
1316 2886 1369 2938 Od.

277 2951 304 3010 1,
323 2949 368 2998 at.
405 2950 460 2999 Sat.
486 2953 512 3001 1.
532 2953 558 3014 5,
582 2953 645 3016 do,
676 2957 763 3006 multis
782 2959 843 3008 inde
863 2972 877 3008 a
896 2960 990 3029 seculis
1008 2961 1211 3016 ardentioribus
1231 2968 1371 3031 ingeniis,

278 3031 359 3081 nimio
378 3029 485 3080 fortasse
509 3034 647 3095 utriusque
669 3050 756 3087 amore
775 3038 911 3099 abreptis,
939 3039 972 3089 ad
996 3038 1069 3088 illum
1097 3053 1210 3094 carmen
1237 3048 1292 3097 hoc
1312 3060 1372 3109 per·

278 3112 363 3159 tinere
383 3122 430 3169 pro
456 3115 527 3161 certo
546 3125 699 3172 persuasum
724 3122 796 3177 erat,
825 3117 885 3166 ideo
903 3121 1033 3179 maxime,
1066 3122 1139 3181 quod
1159 3125 1272 3177 sincera
1292 3132 1374 3189 atque

277 3190 369 3238 intima
387 3201 431 3238 eos
451 3192 565 3240 amicitia
589 3196 741 3245 conlunctos
765 3195 844 3246 luisse
871 3199 1022 3258 simpliciter
1049 3201 1206 3254 crederent.
1255 3206 1293 3256 At
1311 3221 1375 3258 vero

278 3270 450 3327 sapientiores
480 3270 602 3321 videlicet
629 3272 717 3323 Critlci
740 3276 808 3326 banc
833 3279 903 3327 iuter
926 3279 984 3328 illos
1002 3283 1239 3337 necessitudinem
1259 3287 1375 3339 addubi-

277 3352 333 3396 tare
352 3360 438 3407 nuper
456 3357 618 3411 coeperunt;
648 3367 716 3414 quae
735 3367 803 3405 nova
821 3357 949 3415 sapientia
968 3357 1029 3406 huic
1047 3360 1183 3413 iuventuti
1209 3382 1378 3419 σκεπτικω-

277 3422 351 3495 τάτῃ
377 3437 535 3488 magnopere
563 3435 592 3480 ut
620 3431 735 3491 placeret
763 3439 967 3484 consentaneum
996 3442 1061 3487 erat.
1100 3438 1173 3490 Cum
1195 3445 1282 3507 igitur
1303 3460 1377 3510 egre·

270 3506 334 3569 vglus
364 3504 407 3571 ille
435 3506 573 3557 Fastorum
601 3511 806 3562 Horatianorum
836 3514 977 3578 conditor,
1006 3530 1064 3566 suas
1091 3528 1210 3582 propter
1231 3530 1378 3587 rationes,

279 3586 429 3634 coniectura
446 3585 504 3645 plus
523 3601 601 3649 quam
620 3589 844 3653 Cuninghamiana
861 3607 886 3644 v.
910 3594 1045 3658 Virgilium
1070 3600 1097 3646 iu
1117 3599 1294 3661 Quintilium
1313 3603 1379 3670 (Od.

279 3662 306 3710 1.
326 3658 381 3724 ad.)
401 3665 555 3715 mutandum
575 3665 737 3730 censuisset,
758 3671 906 3724 scilicetne
926 3679 977 3723 tres
995 3675 1094 3735 priores
1124 3679 1294 3736 Carminum
1318 3687 1380 3738 libri

280 3754 305 3791 a.
325 3755 352 3789 u.
373 3751 396 3788 t.
415 3740 477 3791 736.
497 3745 544 3795 sed
562 3747 662 3809 aliquot
679 3753 738 3799 ante
757 3754 832 3801 aunis
851 3754 914 3803 edili
933 3755 1105 3816 viderentur,
1137 3768 1269 3824 sagacius
1298 3772 1379 3819 otiam

279 3818 402 3869 Luebker
420 3825 540 3885 cogitavit
559 3825 591 3874 de
610 3826 691 3876 altero
709 3828 753 3878 illo
772 3831 889 3894 Virgilio,
909 3834 1031 3885 lucanum
1048 3837 1186 3889 nobilium
1206 3844 1306 3897 clienti
1327 3849 1379 3909 vel,

281 3903 311 3947 ut
329 3897 487 3951 Scholiastae
506 3903 639 3954 hominem
657 3914 771 3969 vocant,
790 3913 985 3973 aspectatores,
1006 3914 1057 3964 0d.
1075 3915 1103 3975 d,
1125 3919 1175 3969 12.

317 3977 373 4026 Hoc
393 3991 455 4030 vero
474 3981 538 4030 mibi
557 3995 661 4043 prorsus
679 3989 832 4038 incredibile
853 3990 956 4040 videtur
973 3996 1042 4044 inter
1058 3995 1280 4069 Maecenatem,
1315 4006 1379 4058 Gae-

281 4065 365 4105 sarem
387 4057 559 4111 Octavianum
577 4068 604 4114 et
622 4063 737 4117 Sestium
754 4068 787 4118 ab
806 4067 914 4118 Horatio
933 4073 1062 4129 intrusum
1075 4088 1136 4128 esse
1150 4081 1290 4139 iuvenem
1312 4094 1379 4140 cate·
