2900 4820
228 318 307 386 104
584 318 736 369 uocaui}
751 318 936 370 cantilauit

407 558 410 559 7
437 454 712 545 Olentis'uxoies
734 458 865 563 mariti,¹
924 569 927 577 Α

425 635 427 639 ·
478 600 553 679 Nec
572 594 697 691 uirides
719 604 865 666 aretuunt
888 580 1052 697 colubras,

397 759 466 825 Nec
488 726 861 825 Martiales‘Haediliae
882 760 996 842 lubae,

395 868 699 970 Ut'cirnque'dulc'i,¹
722 870 889 968 Tyndari:
909 856 1034 944 fistdia'
1138 960 1142 965 x

438 976 553 1068 Vul'les
574 1010 607 1067 et
618 981 767 1069 'Usticae
788 976 940 1077 cubantis
953 992 990 1054 “fo
1063 1003 1067 1043 :
1084 981 1111 1088 ῥ’

480 1126 584 1189 Levia
608 1104 924 1208 persdau‘ere'saxa.

280 1294 306 1344 8.
326 1293 417 1348 viridis
444 1293 499 1340 BT.
529 1318 559 1326 -
596 1293 712 1341 colubros
741 1291 825 1342 C3dd.
853 1291 986 1342 Venderb.
1016 1295 1042 1339 et
1068 1291 1229 1342 recentiores
1263 1292 1295 1340 ii.

229 1363 413 1422 Peerlkampli·
435 1388 465 1397 -
485 1362 512 1412 9.
530 1362 651 1412 Hedlliae
664 1362 720 1411 Bb:
739 1362 854 1413 haedilia
872 1362 977 1420 STth,
996 1360 1135 1410 baodolioe
1153 1359 1183 1422 C,
1203 1363 1297 1411 boeda-

230 1434 284 1483 leoe
301 1432 388 1483 Bentl.
409 1433 478 1482 coni.
499 1438 526 1483 ot
543 1432 601 1482 PM.

227 1590 352 1639 caprae.»
375 1602 405 1612 -
432 1577 540 1638 Impone
555 1574 652 1639 iatam]
673 1576 746 1626 Haeo
783 1578 871 1626 liniin.
884 1576 986 1636 acilo:
1006 1575 1204 1641 Lernaeamque
1215 1582 1300 1628 vireas

231 1656 373 1707 cumulatio
395 1669 524 1706 summam
545 1658 627 1719 gregis
647 1658 747 1706 securl-
782 1657 920 1705 obsederat
939 1656 1024 1717 hydra
1045 1656 1178 1725 paludem.

231 1742 310 1786 tatem
326 1738 456 1796 exprimit.
476 1735 630 1786 Pedesirem
651 1738 746 1785 oratio·
817 1735 843 1784 9.
858 1730 1011 1795 Martiales]
1031 1734 1065 1782 Ut
1084 1739 1165 1786 ceteri
1187 1739 1213 1786 dl
1226 1749 1301 1786 suum

230 1829 291 1866 nem
306 1814 408 1865 redolet
425 1820 510 1864 totum
530 1828 630 1863 aemes.
654 1815 747 1862 Totam
784 1816 895 1876 quisque
917 1813 1016 1862 babent
1038 1815 1109 1864 inter
1124 1817 1249 1867 animalia
1267 1813 1302 1863 ia-

232 1893 340 1957 quidem
365 1894 487 1954 praetulit
511 1894 664 1953 Bentleius‚
685 1895 747 1955 quia
784 1893 895 1950 muium,
922 1894 1086 1953 ministrum,
1118 1896 1155 1943 sic
1173 1896 1249 1948 Mars
1266 1894 1304 1942 lu-

231 1974 268 2023 nil
294 1976 388 2023 mirum
413 1975 446 2021 sit
466 1976 574 2034 impune
601 1987 615 2023 a
641 1973 746 2033 capellis
784 1986 857 2032 pum.
878 1972 951 2033 virg.
965 1973 1034 2022 Aen.
1050 1972 1077 2031 9,
1091 1973 1163 2022 566:
1191 1974 1303 2026 Martios

231 2051 337 2103 arbutos
359 2054 461 2112 quaeri,
481 2056 502 2102 si
521 2058 607 2101 tutam
631 2055 672 2101 slt.
694 2051 746 2101 Sed
784 2051 868 2111 lupos.
883 2049 1076 2114 -Haediliae]
1096 2054 1213 2103 Restitui
1225 2053 1301 2102 libro·

232 2132 269 2182 nil
291 2131 455 2194 frequentius
477 2136 577 2193 poetis,
607 2146 687 2194 quam
708 2144 748 2180 ra·
785 2144 841 2179 rum
861 2129 1018 2188 lectionem,
1054 2137 1161 2182 secutus
1194 2134 1302 2196 glossam

231 2214 331 2262 tionem
353 2211 425 2261 verbi
448 2212 490 2263 vel
503 2212 619 2263 adverbii
637 2212 747 2261 reddere
784 2211 958 2270 antiquissimi
973 2208 1037 2257 Cod.
1052 2209 1086 2269 B,
1103 2224 1223 2271 rimone»,
1240 2208 1301 2273 (sive

232 2292 277 2341 tali
296 2289 427 2358 ἐπιθέτῳ,
448 2291 500 2341 Cir.
521 2292 624 2342 lanium
640 2291 673 2341 ad
686 2292 713 2339 b.
729 2289 746 2338 i.
785 2288 848 2339 silva
869 2287 928 2345 init,
951 2292 981 2335 ut
999 2288 1093 2340 Litana
1108 2287 1186 2355 cet),
1208 2290 1302 2338 Lucre·

232 2372 338 2419 linens.
361 2396 391 2404 -
410 2370 519 2419 orbatos
537 2367 659 2432 latentes]
680 2373 749 2419 inter
785 2368 824 2416 iili
844 2372 871 2418 et
883 2367 986 2416 Usticae
1001 2370 1101 2417 ricinus
1122 2375 1150 2418 et
1162 2367 1302 2417 Haodilioe

232 2449 295 2499 alias
308 2447 414 2497 arbores
429 2450 497 2507 picei
510 2452 623 2512 generis,
642 2463 748 2509 cupres-
786 2447 851 2506 lupi,
869 2448 918 2507 qui
931 2448 958 2495 in
971 2446 1092 2496 Haedilia
1105 2461 1155 2498 sua
1168 2449 1247 2498 lustra
1259 2446 1310 2503 ba·¹

232 2542 283 2586 sos,
303 2533 390 2585 taxos,
412 2540 478 2588 quas
497 2541 590 2589 caprae
609 2535 747 2589 respuunt,
785 2525 859 2574 bont.
886 2523 1027 2574 Haedilioe
1051 2527 1115 2587 quid
1147 2527 1304 2590 significaret

233 2610 371 2667 dispersas.
394 2605 466 2668 Virg.
487 2607 534 2658 Ge.
547 2605 573 2666 3,
590 2607 657 2656 300:
672 2607 748 2656 labeo
786 2617 845 2653 cum
864 2617 970 2664 prorsus
989 2607 1147 2666 nesciretur,
1167 2604 1304 2655 blaauleoe

232 2686 382 2748 frondentia
399 2689 488 2746 capris
500 2687 601 2735 arbato
621 2686 747 2751 sufficere.
785 2683 945 2735 substituere
958 2683 1090 2734 malebant
1105 2684 1180 2736 haud
1193 2685 1304 2746 cogitan-

235 2765 358 2816 Ceterum
382 2764 474 2814 eadem
500 2768 650 2817 etiamnunc
670 2767 749 2816 iacies
786 2769 824 2812 tes
846 2762 879 2813 de
906 2763 1037 2813 cicuribus
1058 2764 1227 2822 animalibus,
1251 2772 1302 2809 uon

234 2848 274 2894 est
287 2845 400 2893 nemoris
422 2847 615 2905 amoenissimi,
638 2845 747 2904 arbutis,
787 2841 902 2902 deseris,
926 2842 1219 2905 bicagi.1ngcniosius
1241 2849 1302 2888 seue

233 2925 323 2983 lauris,
348 2924 497 2985 lavendula,
516 2925 604 2988 thymo
627 2927 729 2975 consiti.
786 2920 921 2972 Bentleius
940 2923 972 2971 ad
998 2923 1145 2984 analogiam
1167 2937 1192 2974 v.
1212 2920 1303 2967 blana-

268 3002 295 3051 7.
318 3002 344 3051 8.
374 3000 483 3065 amores]
511 3004 622 3054 Theocr.
642 3005 669 3064 8,
694 3005 747 3054 liii:
786 3001 840 3049 leus
859 3014 955 3050 novum
976 3015 1034 3053 roc.
1060 3004 1135 3053 finxit
1153 2998 1301 3052 haebraicae,

233 3074 365 3152 ὦτράγε,
379 3081 432 3130 τᾶν
444 3080 550 3132 λευκᾶν
562 3081 649 3148 αι’γᾶν
667 3078 748 3155 ἄνερ.
786 3092 833 3142 pro
847 3079 1005 3140 simpliciore
1019 3081 1102 3132 forma
1116 3078 1241 3130 baebulus
1252 3072 1303 3137 (lu-

233 3160 364 3215 Leonidas
383 3160 444 3211 Tar.
468 3161 518 3229 llo.
536 3162 581 3221 61,
604 3158 750 3225 111ξα1ος
786 3171 847 3209 ven.
870 3159 919 3218 11,
944 3156 999 3224 65.)
1030 3165 1057 3211 et
1086 3159 1204 3210 baodola
1232 3151 1302 3217 (Not

233 3235 374 3306 ειῖπώγων
393 3234 479 3305 αἰγὸς
491 3237 585 3303 πόσις.
604 3242 676 3304 virg,
691 3241 748 3290 Eoi.
787 3234 890 3302 Tiron.)
915 3238 956 3309 At·
970 3241 1034 3288 mibi
1051 3245 1121 3290 certe
1138 3228 1303 3289 intolerabile

233 3320 307 3379 7‚7:
330 3319 377 3367 Vir
394 3319 481 3381 areale
498 3320 649 3381 ipreeapcr.
671 3320 748 3370 Ovid.
786 3318 890 3368 videtur
918 3322 958 3369 ter
982 3320 1019 3368 sic
1046 3321 1130 3383 ingeri
1169 3314 1304 3376 caprinum

233 3396 750 3462 bestamo:mntqeraecoeioqeovn.
787 3409 883 3458 pecus:
912 3398 1037 3460 capellis,
1074 3399 1170 3448 olentis
1201 3385 1303 3441 mariti,

236 3503 266 3513 -
287 3477 318 3526 ln
339 3492 364 3527 1.
385 3477 478 3524 olentis
490 3480 648 3528 recentiores
668 3479 749 3528 iuter·
786 3475 939 3525 baedaleoe.
977 3464 1139 3529 schreiberi¹
1154 3476 1244 3524 autem
1266 3466 1305 3512 ln·

235 3556 394 3617 protestare
422 3555 575 3623 offendunt3
596 3571 626 3607 er
648 3558 749 3607 Horatii
786 3558 958 3616 terpretatlo,
982 3563 1012 3606 ut
1040 3556 1179 3606 baodolioe
1204 3544 1304 3611 (quem-
1374 3574 1376 3581 ,

235 3648 297 3687 aero
315 3635 424 3693 iudicio,
442 3636 467 3683 iu
482 3648 535 3695 quo
553 3635 629 3685 iecile
642 3638 749 3697 acquie-
786 3635 929 3685 admodum
948 3638 1074 3697 scriptum
1090 3628 1155 3694 volt)
1177 3621 1305 3690 significet

234 3726 307 3765 scere
328 3726 476 3775 possumus,
496 3716 561 3765 nihii
578 3715 692 3765 habebat
710 3718 750 3765 in·
788 3714 948 3764 «haedorum
970 3714 1087 3773 stabula»
1108 3715 1151 3765 vix
1181 3704 1227 3755 ulli
1246 3710 1304 3760 peo-

234 3798 288 3856 epu
307 3793 476 3844 autmolestl.
496 3794 559 3844 Scil.
582 3801 620 3844 est
638 3794 749 3847 verbum
786 3794 841 3845 bari
860 3800 955 3855 potest.
1292 3810 1295 3817 ·

236 3874 352 3925 medium
368 3886 457 3924 omnes
481 3879 507 3923 et
522 3881 608 3937 gratos
627 3879 653 3923 et
674 3874 750 3925 loeti·
821 3875 865 3923 io.
904 3868 1048 3937 Utcunque]
1076 3864 1302 3936 quandocunque

236 3953 283 4005 dos
302 3952 395 4002 odores
411 3953 566 4015 significans.
587 3977 619 3988 -
638 3950 748 4016 virides]
787 3953 864 4003 simul
873 3966 904 4003 ac
912 3953 995 4002 Fauni
1005 3951 1107 4017 fistald,
1121 3943 1240 4010 σύριγγι
1252 3934 1301 3982 cel·

235 4032 314 4084 Haud
333 4032 467 4082 insolitum
484 4039 673 4084 venenatorum
692 4035 748 4083 ani·
787 4033 859 4097 virg.
874 4032 929 4081 Eoi.
941 4033 1026 4092 2,82:
1047 4026 1106 4081 Pan
1117 4025 1222 4090 primite
1234 4011 1303 4062 ⁶⁰³⁰·

235 4111 342 4168 natium
367 4109 508 4168 anaema.
557 4111 693 4163 Claudian.
723 4115 749 4162 iu
787 4090 1301 4176 moseeracoaiaaoerepluresimtetaet.
