2908 4796
546 382 660 432 arnna.
698 381 805 433 ιιιιιι.
826 380 860 430 ιι.
1182 375 1258 446 641

303 542 505 627 positosque
527 559 670 628 vernas,
693 541 772 606 ditis
793 559 933 606 examen
956 540 1090 621 domus,
1217 538 1258 598 65

345 664 476 732 Circum
498 663 693 731 renidentes
714 662 833 730 Lares.

305 787 400 853 llaee
421 786 477 852 ubi
498 786 633 852 loeutus
654 785 828 851 fenerator
849 783 976 870 Alius,

346 909 417 974 iam
438 907 501 973 iam
524 907 658 972 iuturus
678 908 844 992 rusticus,
885 888 888 893 ’

303 1026 442 1096 Omnem
463 1028 597 1116 redegit
618 1027 736 1094 Idibus
757 1027 948 1114 pecuniam,

288 1204 293 1215 .
345 1146 485 1233 Quaerit
506 1148 673 1216 Kalendis
695 1166 832 1234 ponere.
1217 1150 1258 1211 70

227 1374 271 1425 67.
290 1375 400 1439 Alpbtas
418 1372 537 1424 boicii.
559 1398 589 1410 -
624 1373 668 1424 eti.
686 1374 778 1437 releqit
798 1372 873 1424 beia.
895 1372 958 1438 (non
978 1373 1087 1435 sciti,
1107 1387 1157 1427 nee
1176 1375 1256 1427 ilent-

175 1444 266 1509 lelne.)
283 1472 314 1482 -
349 1445 394 1495 70.
414 1444 540 1495 Kalendis
557 1446 650 1507 seripsi
668 1456 729 1494 eum
743 1443 804 1494 bse.

175 1638 225 1689 sibl
244 1645 321 1690 enrat
339 1648 445 1687 emnem
459 1638 600 1696 pecuniam
613 1635 698 1687 tenori
737 1636 858 1686 liabenio
876 1637 999 1688 molestus
1018 1644 1072 1700 est,
1097 1652 1179 1703 meque
1196 1638 1259 1690 Kal.

120 1708 123 1715 ⁴
176 1720 274 1778 deum,
292 1729 345 1781 qus
364 1717 470 1765 lamiam
491 1720 562 1766 emat
578 1715 697 1776 praedia,
737 1715 922 1766 Decembribus
957 1730 1039 1782 neque
1067 1717 1150 1768 Nomio
1178 1732 1261 1786 aeque

175 1799 221 1851 sed
253 1810 344 1848 rursus
384 1795 533 1846 stimulatus
571 1796 695 1853 attritis,
736 1795 839 1846 talibas.
856 1796 889 1846 sd
914 1794 969 1845 Αιι.
1001 1798 1053 1856 10,
1080 1799 1117 1849 5:
1149 1799 1262 1863 Scripsit

175 1879 280 1941 quaerit
295 1874 423 1927 Kalendis
440 1875 565 1937 proximis
585 1873 696 1923 eandem
736 1872 804 1925 diem
810 1875 938 1933 pecuniae
947 1874 1013 1924 idas
1023 1875 1181 1928 Novembres
1194 1892 1259 1929 esse.

175 1957 260 2009 tenori
276 1957 357 2015 daret
386 1955 453 2006 adea
476 1957 645 2013 lneonsians,
667 1959 698 2004 ut
735 1954 768 2005 ad
782 1955 838 2004 Αιι.
853 1953 897 2013 ti,
911 1955 962 2004 θοι
984 1955 1090 2006 lamuel
1102 1959 1154 2008 sibi
1165 1959 1261 2010 babeat

176 2042 236 2100 post
256 2048 356 2099 paueat
380 2035 438 2085 dies
462 2035 603 2086 eonsilium
631 2034 696 2096 agri·
734 2047 866 2095 mammos,
883 2037 961 2086 modo
980 2046 1100 2088 numeret
1114 2039 1215 2090 idibus.
1235 2043 1263 2091 ln

175 2118 294 2168 eulturse
315 2118 342 2165 in
368 2121 504 2177 posterum
532 2113 696 2166 exercendae
736 2113 813 2165 Catil.
833 2115 868 2172 1,
893 2113 923 2163 b:
954 2113 1140 2169 Praetermitto
1164 2120 1261 2169 ruinas

175 2210 282 2260 prorsus
295 2194 429 2247 albiriat.»
451 2220 481 2230 -
502 2190 597 2258 Alfius]
617 2190 696 2253 apud
735 2191 907 2255 fortunarum
924 2182 1056 2257 tatarum,
1085 2211 1153 2261 qaas
1172 2211 1261 2251 ommes

175 2276 231 2327 Cia.
252 2279 293 2326 est
312 2274 339 2324 c.
362 2271 460 2338 Alfius,
480 2265 507 2322 el
524 2270 595 2334 apud
616 2270 698 2323 Sene·
735 2272 784 2321 tibt
797 2272 1088 2334 tmpmdereproetmis
1101 2276 1192 2328 idibus
1205 2294 1261 2331 sea·

174 2367 232 2406 earu
252 2353 376 2405 Contrar.
405 2354 435 2413 1,
459 2353 486 2401 7.
516 2365 609 2403 omnes
634 2353 698 2401 seri·
736 2352 795 2401 ties.
815 2351 871 2402 Sat.
888 2353 914 2412 1,
929 2352 956 2412 ³,
975 2352 1025 2403 87:
1047 2355 1098 2417 Ωιι·
1117 2357 1179 2415 atsi,
1202 2373 1260 2409 eum

173 2434 243 2485 bunt
253 2432 337 2499 Altius
349 2433 458 2491 quas,
470 2433 516 2494 qui
527 2432 618 2483 rhetor
629 2429 696 2489 iuit;
735 2433 824 2481 tristes
833 2433 1029 2484 mtterovmere
1037 2434 1182 2499 aelmaer,
1193 2439 1261 2491 eier-

175 2528 227 2567 nen
241 2519 271 2564 ιιι
283 2513 310 2561 in
324 2512 435 2561 Horatio
445 2511 566 2574 plerique
575 2509 696 2572 Alpinius,
736 2511 878 2561 eetlemaut
888 2527 1009 2563 nummos
1020 2515 1089 2565 node
1099 2517 1170 2565 ande
1179 2520 1261 2568 satri·

174 2594 285 2660 hybrida
298 2591 391 2643 torma.
407 2615 435 2626 ·-
450 2589 561 2656 redeqit]
578 2589 699 2653 radipert
736 2596 839 2641 eateet.
860 2591 938 2642 Ouid.
951 2594 1027 2643 Rem.
1043 2593 1103 2644 Am.
1117 2586 1179 2646 bii'i.
1189 2597 1260 2649 Mar·

171 2674 314 2737 pecaniam
335 2678 374 2722 esi
387 2674 506 2733 recipere
519 2669 553 2719 ad
572 2684 601 2721 se
619 2680 698 2731 peen—
737 2670 791 2720 tiai.
803 2670 885 2730 8,1ι1,
900 2673 952 2721 11:
974 2671 1082 2723 Centum
1100 2677 1262 2738 explicentur

175 2755 246 2804 niam
266 2751 446 2815 qualicunque
465 2751 545 2801 modo
565 2750 640 2800 licito
657 2748 699 2800 vel
733 2751 853 2814 papiana
863 2751 1057 2802 Kalendarum.
1077 2754 1212 2808 Plutarch.
1228 2758 1261 2809 de

176 2845 206 2883 ex
227 2833 307 2884 rebus
333 2832 448 2883 tenditis
475 2825 548 2893 (Cic.
578 2829 696 2880 Divinat.
736 2833 782 2882 rit.
802 2843 857 2881 ser.
874 2831 907 2880 ai.
927 2831 963 2880 ιι
983 2826 1262 2905 ἡαύιάρκειαοι1ι’

175 2911 227 2961 17:
249 2911 343 2961 deinde
356 2911 426 2960 boma
441 2910 543 2971 vendit,
558 2906 699 2971 pecaniam
737 2906 902 2975 ἀναμνήσει
910 2909 968 2961 τῶν
982 2911 1193 2964 antaradenae
1208 2913 1261 2980 τῆς

174 2992 288 3055 redtpt't:
298 2989 309 3052 )
327 2991 368 3044 vel
390 2996 419 3040 ιιι
439 2990 483 3040 ΙιΙι
502 2995 529 3040 ιι
550 2989 622 3049 apud
640 2986 696 3038 Cia.
736 2989 919 3053 νουμηνίας,
950 2985 988 3056 ἢν
1007 2989 1169 3061 ἱερωτάτην
1190 2989 1259 3060 ἡμε-

174 3070 401 3133 properatost.
413 3068 463 3117 1³:
472 3070 700 3132 pecuntaaemre-
738 3065 796 3139 ρῶν
812 3060 922 3126 οὖσαν,
943 3064 1105 3139 ἀποφράδα
1120 3070 1259 3122 ποιοῦσιν

174 3152 311 3215 stiparetur
328 3163 343 3200 a
363 3147 538 3199 debitoribus.
570 3149 697 3200 Gronov.
738 3148 769 3198 ol
797 3146 948 3199 δανεισταὶ
978 3148 1030 3198 καὶ
1064 3146 1198 3216 στύγιον.
1227 3175 1258 3186 -

174 3230 252 3281 Obss.
266 3233 297 3287 1,
311 3227 355 3279 20.
368 3227 480 3292 Redaqit
501 3233 590 3280 autem
608 3229 700 3279 idibus
738 3222 859 3289 Quaerit]
878 3229 1085 3289 «circumspicit,
1096 3228 1167 3288 apud
1179 3242 1260 3291 quem

174 3323 234 3361 eum
247 3309 330 3368 dicit,
349 3309 524 3372 intelligamus
538 3321 646 3360 neeesse
660 3315 700 3360 est
737 3308 827 3358 denuo
848 3310 932 3370 possit
951 3307 1080 3360 collocare
1104 3321 1259 3360 nummos.»

174 3387 405 3453 prius‘appellstas
420 3402 478 3440 esse
494 3389 646 3448 debitores,
670 3394 700 3439 ιιι
737 3387 1141 3450 -ΙιιιιηιιιιῙιιιιιιιιιιιιιιιιιιι,
1154 3388 1257 3439 Senon.

174 3484 233 3522 eam
258 3469 292 3521 ad
310 3468 381 3519 diem
405 3468 537 3520 solverent
558 3471 698 3531 pecuniam
739 3493 767 3504 -
792 3463 900 3530 ponere]
924 3466 968 3519 sie
987 3465 1101 3519 rubeant
1123 3472 1151 3517 et
1171 3484 1259 3520 κατα·

173 3556 269 3600 mutuo
283 3554 426 3610 sumptam.
459 3549 497 3600 lix
517 3548 698 3610 compluribus
735 3545 855 3608 βάλλειν
872 3544 907 3597 τὸ
931 3543 1109 3608 κεφάλαιον,
1130 3548 1204 3597 uid.
1226 3549 1256 3599 P.

173 3644 236 3683 vero
252 3630 317 3679 loeis
340 3631 434 3680 merita
457 3629 622 3692 ealliglmus,
648 3630 698 3678 nisi
735 3625 803 3674 tait
822 3625 893 3674 dives
911 3626 1008 3687 positis
1029 3627 1058 3675 ia
1081 3624 1171 3688 sertore
1184 3641 1260 3681 artm-

174 3708 241 3760 torte
257 3711 284 3758 in
298 3709 472 3771 chirographo
490 3714 561 3760 certa
575 3709 631 3759 dies
648 3707 698 3758 sei·
734 3704 793 3753 mis.
814 3702 869 3753 Cia.
884 3703 960 3754 Vere.
975 3703 1002 3764 3,
1019 3705 1073 3755 70:
1093 3719 1153 3756 eum
1166 3709 1258 3769 posita

173 3788 658 3848 rendaepecuniseconstitaiaesset,
670 3791 697 3838 in
735 3790 800 3833 esset
817 3785 936 3846 peeuaia
959 3785 1034 3847 opud
1058 3798 1103 3835 eas
1123 3787 1256 3839 eluentes,

174 3880 226 3918 usu
239 3866 338 3926 tuisse,
351 3873 381 3916 ut
393 3880 440 3928 pro
458 3865 614 3919 teneratoris
626 3881 698 3917 eern-
734 3863 804 3912 unde
821 3868 880 3912 erat
897 3864 1044 3924 attributo,
1063 3865 1132 3914 binis
1153 3867 1260 3915 centesi-
1328 3888 1333 3891 v

174 3946 301 3998 moditate
319 3945 467 3997 seeundum
481 3946 630 3999 debitorum
651 3960 698 4008 ap·
734 3945 784 3992 mir
799 3945 934 4007 semaraim
947 3948 994 3993 est.
1017 3969 1048 3980 -
1067 3946 1164 3997 Missas
1178 3944 1258 3997 taeta·

175 4025 345 4086 pellatianem
367 4029 496 4087 pecuniae
518 4032 544 4077 et
570 4025 696 4076 Kalendis
735 4029 834 4074 musei
852 4022 929 4074 taleas
947 4025 1191 4085 interpretationes,
1214 4041 1257 4077 ve·

175 4110 203 4156 et
220 4105 303 4156 Nonis
322 4111 350 4156 ιι
367 4105 459 4155 ldibns
487 4104 520 4157 ab
539 4118 571 4156 eo
596 4106 697 4168 redige·
736 4104 790 4153 lut:
812 4103 916 4153 «edixit
930 4103 1106 4161 debitoribus,
1125 4107 1258 4156 eumldus

174 4189 275 4236 renim.
314 4183 370 4235 ilie.
391 4184 467 4235 verr.
488 4185 519 4245 1,
537 4184 589 4234 57:
618 4183 696 4234 Nerno
736 4186 825 4233 essent
849 4185 1010 4243 ,pecuniam
1033 4196 1055 4234 s.
1080 4194 1178 4237 sortem
1197 4197 1257 4235 eura

218 4302 296 4344 tienne.
310 4314 354 4341 uae.
371 4302 386 4339 l.
415 4315 445 4339 so.
463 4314 506 4340 ιιι,
522 4302 545 4343 ΙΙΙ
1026 4272 1065 4334 41
