<?xml version="1.0" encoding="UTF-8"?>
<!DOCTYPE html PUBLIC "-//W3C//DTD XHTML 1.0 Transitional//EN"
    "http://www.w3.org/TR/xhtml1/DTD/xhtml1-transitional.dtd">
<html xmlns="http://www.w3.org/1999/xhtml" xml:lang="en" lang="en">
 <head>
  <title>
</title>
<meta http-equiv="Content-Type" content="text/html;charset=utf-8" />
  <meta name='ocr-system' content='tesseract 3.04.00' />
  <meta name='ocr-capabilities' content='ocr_page ocr_carea ocr_par ocr_line ocrx_word'/>
</head>
<body>
  <div class='ocr_page' id='page_1' title='image "./qhoratiusflaccu02orelgoog_0188.png"; bbox 0 0 2900 4820; ppageno 0'>
   <div class='ocr_carea' id='block_1_1' title="bbox 457 348 1336 428">
    <p class='ocr_par' dir='ltr' id='par_1_1' title="bbox 457 348 1336 428">
     <span class='ocr_line' id='line_1_1' title="bbox 457 348 1336 428; baseline 0.015 -32"><span class='ocrx_word' id='word_1_1' title='bbox 457 373 460 381; x_wconf 87' lang='lat'>-</span> <span class='ocrx_word' id='word_1_2' title='bbox 529 348 639 398; x_wconf 76' lang='lat' dir='ltr'><strong>ems.</strong></span> <span class='ocrx_word' id='word_1_3' title='bbox 679 350 842 403; x_wconf 80' lang='lat' dir='ltr'><strong>c.xxxrr.</strong></span> <span class='ocrx_word' id='word_1_4' title='bbox 1153 352 1226 428; x_wconf 74' lang='lat' dir='ltr'><em>m</em></span> <span class='ocrx_word' id='word_1_5' title='bbox 1332 398 1336 409; x_wconf 93' lang='lat'>.</span> 
     </span>
    </p>
   </div>
   <div class='ocr_carea' id='block_1_2' title="bbox 272 501 886 595">
    <p class='ocr_par' dir='ltr' id='par_1_2' title="bbox 272 501 886 595">
     <span class='ocr_line' id='line_1_2' title="bbox 272 501 886 595; baseline 0.016 -27"><span class='ocrx_word' id='word_1_6' title='bbox 272 501 382 570; x_wconf 81' lang='lat' dir='ltr'><strong>Grute</strong></span> <span class='ocrx_word' id='word_1_7' title='bbox 405 507 539 572; x_wconf 83' lang='lat' dir='ltr'><strong>testudo</strong></span> <span class='ocrx_word' id='word_1_8' title='bbox 562 510 672 595; x_wconf 87' lang='lat' dir='ltr'><strong>lovis,</strong></span> <span class='ocrx_word' id='word_1_9' title='bbox 695 530 714 575; x_wconf 93' lang='lat' dir='ltr'><strong>o</strong></span> <span class='ocrx_word' id='word_1_10' title='bbox 738 512 886 578; x_wconf 82' lang='lat' dir='ltr'><strong>laborum</strong></span> 
     </span>
    </p>
   </div>
   <div class='ocr_carea' id='block_1_3' title="bbox 274 618 1230 817">
    <p class='ocr_par' dir='ltr' id='par_1_3' title="bbox 274 618 1230 817">
     <span class='ocr_line' id='line_1_3' title="bbox 274 618 1230 719; baseline 0.014 -31"><span class='ocrx_word' id='word_1_11' title='bbox 274 625 384 692; x_wconf 77' lang='lat' dir='ltr'><strong>unice</strong></span> <span class='ocrx_word' id='word_1_12' title='bbox 406 629 564 716; x_wconf 75' lang='lat' dir='ltr'><strong>lenimen,</strong></span> <span class='ocrx_word' id='word_1_13' title='bbox 586 618 817 719; x_wconf 70' lang='lat' dir='ltr'><strong>uitiosique</strong></span> <span class='ocrx_word' id='word_1_14' title='bbox 839 637 936 701; x_wconf 70' lang='lat' dir='ltr'><strong>salvs</strong></span> <span class='ocrx_word' id='word_1_15' title='bbox 1194 640 1230 701; x_wconf 84' lang='lat' dir='ltr'><strong>rs</strong></span> 
     </span>
     <span class='ocr_line' id='line_1_4' title="bbox 359 742 608 817; baseline 0.012 -6"><span class='ocrx_word' id='word_1_16' title='bbox 359 742 440 814; x_wconf 83' lang='lat' dir='ltr'><strong>Rite</strong></span> <span class='ocrx_word' id='word_1_17' title='bbox 462 748 608 817; x_wconf 84' lang='lat' dir='ltr'><strong>vocanti.</strong></span> 
     </span>
    </p>
   </div>
   <div class='ocr_carea' id='block_1_4' title="bbox 198 940 869 1006">
    <p class='ocr_par' dir='ltr' id='par_1_4' title="bbox 198 940 869 1006">
     <span class='ocr_line' id='line_1_5' title="bbox 198 940 869 1006; baseline 0.021 -19"><span class='ocrx_word' id='word_1_18' title='bbox 198 940 239 988; x_wconf 79' lang='lat' dir='ltr'><strong>ts.</strong></span> <span class='ocrx_word' id='word_1_19' title='bbox 261 942 345 997; x_wconf 81' lang='lat' dir='ltr'><strong>mibi,</strong></span> <span class='ocrx_word' id='word_1_20' title='bbox 367 945 478 1006; x_wconf 76' lang='lat' dir='ltr'><strong>cuipter,</strong></span> <span class='ocrx_word' id='word_1_21' title='bbox 497 947 569 995; x_wconf 82' lang='lat' dir='ltr'><strong>soleo</strong></span> <span class='ocrx_word' id='word_1_22' title='bbox 588 949 704 1000; x_wconf 87' lang='lat' dir='ltr'><strong>malebat</strong></span> <span class='ocrx_word' id='word_1_23' title='bbox 721 951 869 1005; x_wconf 83' lang='lat' dir='ltr'><strong>Bentlelus.</strong></span> 
     </span>
    </p>
   </div>
   <div class='ocr_carea' id='block_1_5' title="bbox 145 1140 1232 1775">
    <p class='ocr_par' dir='ltr' id='par_1_5' title="bbox 145 1140 1232 1775">
     <span class='ocr_line' id='line_1_6' title="bbox 147 1140 1230 1219; baseline 0.02 -32"><span class='ocrx_word' id='word_1_24' title='bbox 147 1140 219 1189; x_wconf 69' lang='lat' dir='ltr'><strong>ebert</strong></span> <span class='ocrx_word' id='word_1_25' title='bbox 237 1153 254 1190; x_wconf 82' lang='lat' dir='ltr'><strong>e</strong></span> <span class='ocrx_word' id='word_1_26' title='bbox 275 1140 344 1191; x_wconf 76' lang='lat' dir='ltr'><strong>dod.</strong></span> <span class='ocrx_word' id='word_1_27' title='bbox 359 1143 493 1194; x_wconf 80' lang='lat' dir='ltr'><strong>Tbeodos.</strong></span> <span class='ocrx_word' id='word_1_28' title='bbox 509 1148 553 1204; x_wconf 68' lang='lat' dir='ltr'><strong>ii,</strong></span> <span class='ocrx_word' id='word_1_29' title='bbox 574 1148 600 1208; x_wconf 84' lang='lat' dir='ltr'><strong>tl,</strong></span> <span class='ocrx_word' id='word_1_30' title='bbox 619 1148 668 1198; x_wconf 78' lang='lat' dir='ltr'><strong>tii:</strong></span> <span class='ocrx_word' id='word_1_31' title='bbox 709 1153 838 1204; x_wconf 87' lang='lat' dir='ltr'><strong>latoribus</strong></span> <span class='ocrx_word' id='word_1_32' title='bbox 861 1154 929 1205; x_wconf 83' lang='lat' dir='ltr'><strong>cod.</strong></span> <span class='ocrx_word' id='word_1_33' title='bbox 954 1155 1089 1206; x_wconf 81' lang='lat' dir='ltr'><strong>Theodos.</strong></span> <span class='ocrx_word' id='word_1_34' title='bbox 1112 1166 1230 1219; x_wconf 82' lang='lat' dir='ltr'><strong>servata,</strong></span> 
     </span>
     <span class='ocr_line' id='line_1_7' title="bbox 147 1218 1231 1298; baseline 0.018 -30"><span class='ocrx_word' id='word_1_35' title='bbox 147 1218 245 1268; x_wconf 74' lang='lat' dir='ltr'><strong>terum</strong></span> <span class='ocrx_word' id='word_1_36' title='bbox 273 1222 331 1269; x_wconf 82' lang='lat' dir='ltr'><strong>etos</strong></span> <span class='ocrx_word' id='word_1_37' title='bbox 356 1231 497 1286; x_wconf 75' lang='lat' dir='ltr'><strong>arpentum</strong></span> <span class='ocrx_word' id='word_1_38' title='bbox 527 1240 626 1291; x_wconf 72' lang='lat' dir='ltr'><strong>eunom</strong></span> <span class='ocrx_word' id='word_1_39' title='bbox 653 1244 670 1278; x_wconf 88' lang='lat' dir='ltr'><strong>o</strong></span> <span class='ocrx_word' id='word_1_40' title='bbox 708 1233 846 1284; x_wconf 87' lang='lat' dir='ltr'><strong>retinenda</strong></span> <span class='ocrx_word' id='word_1_41' title='bbox 861 1239 926 1285; x_wconf 88' lang='lat' dir='ltr'><strong>erat.</strong></span> <span class='ocrx_word' id='word_1_42' title='bbox 939 1230 1122 1298; x_wconf 83' lang='lat' dir='ltr'><strong>(ilseeomnia</strong></span> <span class='ocrx_word' id='word_1_43' title='bbox 1135 1249 1231 1290; x_wconf 90' lang='lat' dir='ltr'><strong>moneo</strong></span> 
     </span>
     <span class='ocr_line' id='line_1_8' title="bbox 145 1300 1231 1381; baseline 0.019 -35"><span class='ocrx_word' id='word_1_44' title='bbox 145 1310 292 1359; x_wconf 72' lang='lat' dir='ltr'><strong>pomarese</strong></span> <span class='ocrx_word' id='word_1_45' title='bbox 312 1300 462 1363; x_wconf 68' lang='lat' dir='ltr'><strong>conterius,</strong></span> <span class='ocrx_word' id='word_1_46' title='bbox 490 1308 611 1355; x_wconf 70' lang='lat' dir='ltr'><strong>arcerem</strong></span> <span class='ocrx_word' id='word_1_47' title='bbox 631 1308 672 1356; x_wconf 85' lang='lat' dir='ltr'><strong>oei</strong></span> <span class='ocrx_word' id='word_1_48' title='bbox 709 1314 899 1374; x_wconf 86' lang='lat' dir='ltr'><strong>propterllaud</strong></span> <span class='ocrx_word' id='word_1_49' title='bbox 909 1314 1019 1365; x_wconf 86' lang='lat' dir='ltr'><strong>Turseli.</strong></span> <span class='ocrx_word' id='word_1_50' title='bbox 1031 1314 1062 1364; x_wconf 86' lang='lat' dir='ltr'><strong>T.</strong></span> <span class='ocrx_word' id='word_1_51' title='bbox 1073 1316 1109 1366; x_wconf 88' lang='lat' dir='ltr'><strong>ll.</strong></span> <span class='ocrx_word' id='word_1_52' title='bbox 1122 1315 1231 1381; x_wconf 72' lang='lat' dir='ltr'><strong>pili.)</strong></span> 
     </span>
     <span class='ocr_line' id='line_1_9' title="bbox 146 1382 1230 1459; baseline 0.021 -36"><span class='ocrx_word' id='word_1_53' title='bbox 146 1385 277 1438; x_wconf 80' lang='lat' dir='ltr'><strong>susceptor</strong></span> <span class='ocrx_word' id='word_1_54' title='bbox 294 1382 426 1442; x_wconf 77' lang='lat' dir='ltr'><strong>occipiat,</strong></span> <span class='ocrx_word' id='word_1_55' title='bbox 446 1382 491 1431; x_wconf 93' lang='lat' dir='ltr'><strong>ubi</strong></span> <span class='ocrx_word' id='word_1_56' title='bbox 507 1394 579 1435; x_wconf 89' lang='lat' dir='ltr'><strong>nunc</strong></span> <span class='ocrx_word' id='word_1_57' title='bbox 592 1386 670 1449; x_wconf 78' lang='lat' dir='ltr'><strong>llugo</strong></span> <span class='ocrx_word' id='word_1_58' title='bbox 711 1410 737 1426; x_wconf 61' lang='grc' dir='ltr'><strong>ι-</strong></span> <span class='ocrx_word' id='word_1_59' title='bbox 753 1392 917 1457; x_wconf 77' lang='lat' dir='ltr'><strong>Milicunpue</strong></span> <span class='ocrx_word' id='word_1_60' title='bbox 928 1398 1018 1445; x_wconf 87' lang='lat' dir='ltr'><strong>eutem</strong></span> <span class='ocrx_word' id='word_1_61' title='bbox 1027 1396 1146 1458; x_wconf 78' lang='lat' dir='ltr'><strong>iungere,</strong></span> <span class='ocrx_word' id='word_1_62' title='bbox 1158 1397 1230 1459; x_wconf 84' lang='lat' dir='ltr'><strong>quod</strong></span> 
     </span>
     <span class='ocr_line' id='line_1_10' title="bbox 147 1454 1231 1537; baseline 0.024 -35"><span class='ocrx_word' id='word_1_63' title='bbox 147 1454 197 1504; x_wconf 84' lang='lat' dir='ltr'><strong>lar.</strong></span> <span class='ocrx_word' id='word_1_64' title='bbox 211 1457 349 1508; x_wconf 73' lang='lat' dir='ltr'><strong>Anteiust.</strong></span> <span class='ocrx_word' id='word_1_65' title='bbox 360 1459 394 1509; x_wconf 87' lang='lat' dir='ltr'><strong>T.</strong></span> <span class='ocrx_word' id='word_1_66' title='bbox 408 1460 443 1508; x_wconf 90' lang='lat' dir='ltr'><strong>it.</strong></span> <span class='ocrx_word' id='word_1_67' title='bbox 464 1474 491 1522; x_wconf 91' lang='lat' dir='ltr'><strong>p.</strong></span> <span class='ocrx_word' id='word_1_68' title='bbox 505 1464 566 1514; x_wconf 84' lang='lat' dir='ltr'><strong>titii.</strong></span> <span class='ocrx_word' id='word_1_69' title='bbox 582 1472 669 1516; x_wconf 86' lang='lat' dir='ltr'><strong>miuus</strong></span> <span class='ocrx_word' id='word_1_70' title='bbox 708 1484 794 1532; x_wconf 80' lang='lat' dir='ltr'>nuper</span> <span class='ocrx_word' id='word_1_71' title='bbox 815 1473 912 1535; x_wconf 86' lang='lat' dir='ltr'><strong>qudam</strong></span> <span class='ocrx_word' id='word_1_72' title='bbox 933 1478 1088 1537; x_wconf 80' lang='lat' dir='ltr'><strong>proposuit,</strong></span> <span class='ocrx_word' id='word_1_73' title='bbox 1122 1476 1149 1524; x_wconf 90' lang='lat' dir='ltr'><strong>ld</strong></span> <span class='ocrx_word' id='word_1_74' title='bbox 1168 1486 1231 1528; x_wconf 76' lang='lat' dir='ltr'><strong>vero</strong></span> 
     </span>
     <span class='ocr_line' id='line_1_11' title="bbox 148 1540 1228 1618; baseline 0.018 -33"><span class='ocrx_word' id='word_1_75' title='bbox 148 1540 588 1601; x_wconf 77' lang='lat' dir='ltr'><strong>nemexcod.1ust.,utmmi</strong></span> <span class='ocrx_word' id='word_1_76' title='bbox 610 1551 670 1610; x_wconf 82' lang='lat' dir='ltr'><strong>qul·</strong></span> <span class='ocrx_word' id='word_1_77' title='bbox 708 1551 843 1602; x_wconf 87' lang='lat' dir='ltr'><strong>Latinitati</strong></span> <span class='ocrx_word' id='word_1_78' title='bbox 876 1564 982 1614; x_wconf 84' lang='lat' dir='ltr'><strong>prorsus</strong></span> <span class='ocrx_word' id='word_1_79' title='bbox 1026 1559 1163 1618; x_wconf 74' lang='lat' dir='ltr'><strong>repugnat.</strong></span> <span class='ocrx_word' id='word_1_80' title='bbox 1203 1578 1228 1591; x_wconf 90' lang='lat'><strong>-·</strong></span> 
     </span>
     <span class='ocr_line' id='line_1_12' title="bbox 148 1613 1232 1697; baseline 0.019 -34"><span class='ocrx_word' id='word_1_81' title='bbox 148 1613 202 1666; x_wconf 86' lang='lat' dir='ltr'><strong>dern</strong></span> <span class='ocrx_word' id='word_1_82' title='bbox 223 1620 347 1680; x_wconf 82' lang='lat' dir='ltr'><strong>videtur,</strong></span> <span class='ocrx_word' id='word_1_83' title='bbox 369 1624 669 1691; x_wconf 59' lang='lat' dir='ltr'><strong>receptissimarum</strong></span> <span class='ocrx_word' id='word_1_84' title='bbox 709 1626 775 1693; x_wconf 83' lang='lat' dir='ltr'><strong>iliis]</strong></span> <span class='ocrx_word' id='word_1_85' title='bbox 801 1638 892 1683; x_wconf 81' lang='lat' dir='ltr'><strong>«ossis</strong></span> <span class='ocrx_word' id='word_1_86' title='bbox 916 1636 941 1683; x_wconf 88' lang='lat' dir='ltr'><strong>et</strong></span> <span class='ocrx_word' id='word_1_87' title='bbox 966 1634 1029 1694; x_wconf 91' lang='lat' dir='ltr'><strong>pie,</strong></span> <span class='ocrx_word' id='word_1_88' title='bbox 1060 1634 1232 1697; x_wconf 82' lang='lat' dir='ltr'><strong>quemadmo-</strong></span> 
     </span>
     <span class='ocr_line' id='line_1_13' title="bbox 148 1702 1183 1775; baseline 0.019 -30"><span class='ocrx_word' id='word_1_89' title='bbox 148 1708 202 1744; x_wconf 90' lang='lat' dir='ltr'><strong>uam</strong></span> <span class='ocrx_word' id='word_1_90' title='bbox 221 1702 361 1763; x_wconf 76' lang='lat' dir='ltr'>antiquior</span> <span class='ocrx_word' id='word_1_91' title='bbox 384 1702 544 1763; x_wconf 83' lang='lat' dir='ltr'><strong>lormula,e</strong></span> <span class='ocrx_word' id='word_1_92' title='bbox 570 1711 670 1769; x_wconf 88' lang='lat' dir='ltr'><strong>compl·</strong></span> <span class='ocrx_word' id='word_1_93' title='bbox 707 1708 770 1759; x_wconf 92' lang='lat' dir='ltr'><strong>dum</strong></span> <span class='ocrx_word' id='word_1_94' title='bbox 785 1711 1012 1764; x_wconf 89' lang='lat' dir='ltr'><strong>decetialibusln</strong></span> <span class='ocrx_word' id='word_1_95' title='bbox 1032 1714 1183 1775; x_wconf 82' lang='lat' dir='ltr'><strong>precibus.»</strong></span> 
     </span>
    </p>
   </div>
   <div class='ocr_carea' id='block_1_6' title="bbox 636 1928 786 1937">
    <p class='ocr_par' dir='ltr' id='par_1_6' title="bbox 636 1928 786 1937">
     <span class='ocr_line' id='line_1_14' title="bbox 636 1928 786 1937; baseline 0.013 -2"><span class='ocrx_word' id='word_1_96' title='bbox 636 1929 665 1935; x_wconf 63' lang='lat'><strong>...-</strong></span> <span class='ocrx_word' id='word_1_97' title='bbox 701 1928 786 1937; x_wconf 57' lang='lat' dir='ltr'><em>..u-*-</em></span> 
     </span>
    </p>
   </div>
   <div class='ocr_carea' id='block_1_7' title="bbox 505 2116 881 2294">
    <p class='ocr_par' dir='ltr' id='par_1_7' title="bbox 505 2116 881 2294">
     <span class='ocr_line' id='line_1_15' title="bbox 505 2116 881 2180; baseline 0.013 -7"><span class='ocrx_word' id='word_1_98' title='bbox 505 2116 881 2180; x_wconf 60' lang='lat' dir='ltr'><strong>extulistis</strong></span> 
     </span>
     <span class='ocr_line' id='line_1_16' title="bbox 549 2233 811 2294; baseline 0.019 -7"><span class='ocrx_word' id='word_1_99' title='bbox 549 2233 811 2294; x_wconf 65' lang='lat' dir='ltr'><strong>abtxxxii..</strong></span> 
     </span>
    </p>
   </div>
   <div class='ocr_carea' id='block_1_8' title="bbox 118 2381 1234 4197">
    <p class='ocr_par' dir='ltr' id='par_1_8' title="bbox 118 2381 1234 4197">
     <span class='ocr_line' id='line_1_17' title="bbox 191 2381 1232 2455; baseline 0.012 -23"><span class='ocrx_word' id='word_1_100' title='bbox 191 2381 367 2432; x_wconf 70' lang='lat' dir='ltr'><strong>Manifestum</strong></span> <span class='ocrx_word' id='word_1_101' title='bbox 389 2384 418 2432; x_wconf 90' lang='lat' dir='ltr'><strong>tit</strong></span> <span class='ocrx_word' id='word_1_102' title='bbox 436 2398 450 2433; x_wconf 92' lang='lat' dir='ltr'><strong>e</strong></span> <span class='ocrx_word' id='word_1_103' title='bbox 469 2399 493 2435; x_wconf 86' lang='lat' dir='ltr'><strong>v.</strong></span> <span class='ocrx_word' id='word_1_104' title='bbox 515 2388 661 2449; x_wconf 78' lang='lat' dir='ltr'><strong>Pessimus,</strong></span> <span class='ocrx_word' id='word_1_105' title='bbox 682 2394 789 2441; x_wconf 85' lang='lat' dir='ltr'><strong>maioris</strong></span> <span class='ocrx_word' id='word_1_106' title='bbox 805 2401 836 2441; x_wconf 88' lang='lat' dir='ltr'><strong>ac</strong></span> <span class='ocrx_word' id='word_1_107' title='bbox 856 2391 981 2451; x_wconf 79' lang='lat' dir='ltr'><strong>gravioris</strong></span> <span class='ocrx_word' id='word_1_108' title='bbox 1000 2391 1113 2443; x_wconf 87' lang='lat' dir='ltr'><strong>alicuius</strong></span> <span class='ocrx_word' id='word_1_109' title='bbox 1132 2396 1232 2455; x_wconf 88' lang='lat' dir='ltr'><strong>lnoeptl</strong></span> 
     </span>
     <span class='ocr_line' id='line_1_18' title="bbox 146 2458 1232 2533; baseline 0.015 -28"><span class='ocrx_word' id='word_1_110' title='bbox 146 2458 214 2520; x_wconf 73' lang='lat' dir='ltr'><strong>lyrici</strong></span> <span class='ocrx_word' id='word_1_111' title='bbox 233 2461 286 2511; x_wconf 88' lang='lat' dir='ltr'><strong>boo</strong></span> <span class='ocrx_word' id='word_1_112' title='bbox 310 2474 369 2511; x_wconf 90' lang='lat' dir='ltr'><strong>esse</strong></span> <span class='ocrx_word' id='word_1_113' title='bbox 392 2462 473 2513; x_wconf 82' lang='lat' dir='ltr'><strong>veluti</strong></span> <span class='ocrx_word' id='word_1_114' title='bbox 498 2469 673 2528; x_wconf 89' lang='lat' dir='ltr'><strong>prooemium.</strong></span> <span class='ocrx_word' id='word_1_115' title='bbox 712 2471 778 2532; x_wconf 83' lang='lat' dir='ltr'><strong>Quis</strong></span> <span class='ocrx_word' id='word_1_116' title='bbox 799 2474 889 2521; x_wconf 88' lang='lat' dir='ltr'><strong>aulem</strong></span> <span class='ocrx_word' id='word_1_117' title='bbox 908 2482 969 2519; x_wconf 89' lang='lat' dir='ltr'><strong>eum</strong></span> <span class='ocrx_word' id='word_1_118' title='bbox 990 2473 1158 2533; x_wconf 72' lang='lat' dir='ltr'><strong>poposcerit,</strong></span> <span class='ocrx_word' id='word_1_119' title='bbox 1178 2484 1232 2523; x_wconf 93' lang='lat' dir='ltr'><strong>non</strong></span> 
     </span>
     <span class='ocr_line' id='line_1_19' title="bbox 146 2539 1232 2612; baseline 0.014 -26"><span class='ocrx_word' id='word_1_120' title='bbox 146 2539 226 2601; x_wconf 87' lang='lat' dir='ltr'><strong>liquet</strong></span> <span class='ocrx_word' id='word_1_121' title='bbox 246 2554 298 2591; x_wconf 89' lang='lat' dir='ltr'><strong>nec</strong></span> <span class='ocrx_word' id='word_1_122' title='bbox 318 2542 394 2592; x_wconf 85' lang='lat' dir='ltr'><strong>ranis</strong></span> <span class='ocrx_word' id='word_1_123' title='bbox 417 2543 635 2597; x_wconf 84' lang='lat' dir='ltr'><strong>beriolatloulbus</strong></span> <span class='ocrx_word' id='word_1_124' title='bbox 652 2549 791 2612; x_wconf 73' lang='lat' dir='ltr'><strong>indulgere</strong></span> <span class='ocrx_word' id='word_1_125' title='bbox 814 2548 922 2609; x_wconf 88' lang='lat' dir='ltr'><strong>plaeet;</strong></span> <span class='ocrx_word' id='word_1_126' title='bbox 943 2551 999 2610; x_wconf 88' lang='lat' dir='ltr'><strong>ipse</strong></span> <span class='ocrx_word' id='word_1_127' title='bbox 1022 2552 1093 2600; x_wconf 89' lang='lat' dir='ltr'><strong>enim</strong></span> <span class='ocrx_word' id='word_1_128' title='bbox 1112 2551 1232 2601; x_wconf 85' lang='lat' dir='ltr'><strong>consulto</strong></span> 
     </span>
     <span class='ocr_line' id='line_1_20' title="bbox 146 2621 1233 2691; baseline 0.013 -25"><span class='ocrx_word' id='word_1_129' title='bbox 146 2632 195 2667; x_wconf 91' lang='lat' dir='ltr'><strong>rem</strong></span> <span class='ocrx_word' id='word_1_130' title='bbox 222 2621 389 2680; x_wconf 78' lang='lat' dir='ltr'>occultavit,</span> <span class='ocrx_word' id='word_1_131' title='bbox 419 2627 448 2672; x_wconf 91' lang='lat' dir='ltr'><strong>ut</strong></span> <span class='ocrx_word' id='word_1_132' title='bbox 472 2626 511 2682; x_wconf 90' lang='lat' dir='ltr'><strong>is,</strong></span> <span class='ocrx_word' id='word_1_133' title='bbox 540 2628 586 2687; x_wconf 85' lang='lat' dir='ltr'><strong>qul</strong></span> <span class='ocrx_word' id='word_1_134' title='bbox 604 2635 781 2689; x_wconf 77' lang='lat' dir='ltr'><strong>poposcerat,</strong></span> <span class='ocrx_word' id='word_1_135' title='bbox 808 2627 904 2678; x_wconf 89' lang='lat' dir='ltr'><strong>leniter</strong></span> <span class='ocrx_word' id='word_1_136' title='bbox 925 2628 1066 2678; x_wconf 76' lang='lat' dir='ltr'>subridens</span> <span class='ocrx_word' id='word_1_137' title='bbox 1091 2643 1119 2680; x_wconf 90' lang='lat' dir='ltr'><strong>se</strong></span> <span class='ocrx_word' id='word_1_138' title='bbox 1144 2632 1233 2691; x_wconf 89' lang='lat' dir='ltr'><strong>ipsum</strong></span> 
     </span>
     <span class='ocr_line' id='line_1_21' title="bbox 145 2701 1231 2764; baseline 0.008 -12"><span class='ocrx_word' id='word_1_139' title='bbox 145 2707 300 2764; x_wconf 78' lang='lat' dir='ltr'><strong>agnosceret</strong></span> <span class='ocrx_word' id='word_1_140' title='bbox 321 2701 440 2761; x_wconf 89' lang='lat' dir='ltr'><strong>primus,</strong></span> <span class='ocrx_word' id='word_1_141' title='bbox 475 2718 505 2755; x_wconf 88' lang='lat' dir='ltr'><strong>ec</strong></span> <span class='ocrx_word' id='word_1_142' title='bbox 521 2704 630 2755; x_wconf 81' lang='lat' dir='ltr'><strong>sortasse</strong></span> <span class='ocrx_word' id='word_1_143' title='bbox 652 2708 733 2757; x_wconf 88' lang='lat' dir='ltr'><strong>solus.</strong></span> <span class='ocrx_word' id='word_1_144' title='bbox 769 2706 823 2757; x_wconf 77' lang='lat' dir='ltr'><strong>tur</strong></span> <span class='ocrx_word' id='word_1_145' title='bbox 842 2707 994 2758; x_wconf 68' lang='lat' dir='ltr'><strong>divinarunt</strong></span> <span class='ocrx_word' id='word_1_146' title='bbox 1015 2709 1154 2760; x_wconf 85' lang='lat' dir='ltr'><strong>invitatum</strong></span> <span class='ocrx_word' id='word_1_147' title='bbox 1174 2722 1231 2761; x_wconf 89' lang='lat' dir='ltr'><strong>esse</strong></span> 
     </span>
     <span class='ocr_line' id='line_1_22' title="bbox 145 2777 1232 2846; baseline 0.008 -16"><span class='ocrx_word' id='word_1_148' title='bbox 145 2781 287 2831; x_wconf 76' lang='lat' dir='ltr'><strong>Horatium</strong></span> <span class='ocrx_word' id='word_1_149' title='bbox 309 2777 352 2831; x_wconf 86' lang='lat' dir='ltr'><strong>rel</strong></span> <span class='ocrx_word' id='word_1_150' title='bbox 381 2779 414 2828; x_wconf 90' lang='lat' dir='ltr'><strong>ab</strong></span> <span class='ocrx_word' id='word_1_151' title='bbox 444 2783 567 2846; x_wconf 74' lang='lat' dir='ltr'><strong>Augusto</strong></span> <span class='ocrx_word' id='word_1_152' title='bbox 593 2785 634 2836; x_wconf 85' lang='lat' dir='ltr'><strong>rel</strong></span> <span class='ocrx_word' id='word_1_153' title='bbox 658 2799 673 2836; x_wconf 81' lang='lat' dir='ltr'><strong>e</strong></span> <span class='ocrx_word' id='word_1_154' title='bbox 694 2787 852 2838; x_wconf 76' lang='lat' dir='ltr'><strong>Maecenate</strong></span> <span class='ocrx_word' id='word_1_155' title='bbox 873 2786 914 2837; x_wconf 85' lang='lat' dir='ltr'><strong>rel</strong></span> <span class='ocrx_word' id='word_1_156' title='bbox 946 2787 980 2836; x_wconf 87' lang='lat' dir='ltr'><strong>ab</strong></span> <span class='ocrx_word' id='word_1_157' title='bbox 1009 2787 1063 2838; x_wconf 87' lang='lat' dir='ltr'><strong>alto</strong></span> <span class='ocrx_word' id='word_1_158' title='bbox 1083 2788 1168 2838; x_wconf 81' lang='lat' dir='ltr'><strong>emico</strong></span> <span class='ocrx_word' id='word_1_159' title='bbox 1190 2789 1232 2839; x_wconf 84' lang='lat' dir='ltr'><strong>vel</strong></span> 
     </span>
     <span class='ocr_line' id='line_1_23' title="bbox 144 2863 1232 2931; baseline 0.006 -20"><span class='ocrx_word' id='word_1_160' title='bbox 144 2867 266 2911; x_wconf 88' lang='lat' dir='ltr'><strong>asemel</strong></span> <span class='ocrx_word' id='word_1_161' title='bbox 286 2863 345 2923; x_wconf 93' lang='lat' dir='ltr'><strong>ipso</strong></span> <span class='ocrx_word' id='word_1_162' title='bbox 364 2863 440 2914; x_wconf 81' lang='lat' dir='ltr'><strong>vele</strong></span> <span class='ocrx_word' id='word_1_163' title='bbox 462 2869 559 2915; x_wconf 92' lang='lat' dir='ltr'><strong>cuncto</strong></span> <span class='ocrx_word' id='word_1_164' title='bbox 584 2866 682 2926; x_wconf 89' lang='lat' dir='ltr'><strong>populo</strong></span> <span class='ocrx_word' id='word_1_165' title='bbox 698 2868 837 2925; x_wconf 85' lang='lat' dir='ltr'><strong>Romano;</strong></span> <span class='ocrx_word' id='word_1_166' title='bbox 872 2864 916 2915; x_wconf 87' lang='lat' dir='ltr'><strong>alii</strong></span> <span class='ocrx_word' id='word_1_167' title='bbox 930 2865 963 2917; x_wconf 89' lang='lat' dir='ltr'><strong>do</strong></span> <span class='ocrx_word' id='word_1_168' title='bbox 986 2880 1040 2917; x_wconf 92' lang='lat' dir='ltr'><strong>uuo</strong></span> <span class='ocrx_word' id='word_1_169' title='bbox 1061 2869 1155 2931; x_wconf 85' lang='lat' dir='ltr'><strong>aliquo</strong></span> <span class='ocrx_word' id='word_1_170' title='bbox 1177 2880 1232 2917; x_wconf 85' lang='lat' dir='ltr'><strong>oer-</strong></span> 
     </span>
     <span class='ocr_line' id='line_1_24' title="bbox 144 2938 1231 3008; baseline 0.005 -18"><span class='ocrx_word' id='word_1_171' title='bbox 144 2945 212 2994; x_wconf 89' lang='lat' dir='ltr'><strong>mine</strong></span> <span class='ocrx_word' id='word_1_172' title='bbox 237 2938 300 3005; x_wconf 86' lang='lat' dir='ltr'><strong>(Od.</strong></span> <span class='ocrx_word' id='word_1_173' title='bbox 323 2944 348 3002; x_wconf 87' lang='lat' dir='ltr'><strong>i,</strong></span> <span class='ocrx_word' id='word_1_174' title='bbox 371 2943 398 2992; x_wconf 78' lang='lat'><strong>2.</strong></span> <span class='ocrx_word' id='word_1_175' title='bbox 422 2942 462 2993; x_wconf 80' lang='lat' dir='ltr'><strong>rel</strong></span> <span class='ocrx_word' id='word_1_176' title='bbox 485 2944 510 3001; x_wconf 90' lang='lat' dir='ltr'><strong>i,</strong></span> <span class='ocrx_word' id='word_1_177' title='bbox 534 2939 577 3005; x_wconf 77' lang='lat' dir='ltr'><strong>tt)</strong></span> <span class='ocrx_word' id='word_1_178' title='bbox 600 2944 771 3008; x_wconf 77' lang='lat' dir='ltr'><strong>intelligunt,</strong></span> <span class='ocrx_word' id='word_1_179' title='bbox 803 2947 847 2997; x_wconf 87' lang='lat' dir='ltr'><strong>alil</strong></span> <span class='ocrx_word' id='word_1_180' title='bbox 879 2946 912 2995; x_wconf 88' lang='lat' dir='ltr'><strong>de</strong></span> <span class='ocrx_word' id='word_1_181' title='bbox 938 2946 1049 2997; x_wconf 87' lang='lat' dir='ltr'><strong>edendis</strong></span> <span class='ocrx_word' id='word_1_182' title='bbox 1070 2945 1231 2998; x_wconf 74' lang='lat' dir='ltr'><strong>torminibus</strong></span> 
     </span>
     <span class='ocr_line' id='line_1_25' title="bbox 143 3022 1233 3088; baseline 0.004 -19"><span class='ocrx_word' id='word_1_183' title='bbox 143 3026 204 3071; x_wconf 94' lang='lat' dir='ltr'><strong>tunc</strong></span> <span class='ocrx_word' id='word_1_184' title='bbox 225 3024 280 3071; x_wconf 86' lang='lat' dir='ltr'><strong>iam</strong></span> <span class='ocrx_word' id='word_1_185' title='bbox 300 3023 461 3080; x_wconf 88' lang='lat' dir='ltr'><strong>elaboratis,</strong></span> <span class='ocrx_word' id='word_1_186' title='bbox 483 3024 521 3071; x_wconf 90' lang='lat' dir='ltr'><strong>uti</strong></span> <span class='ocrx_word' id='word_1_187' title='bbox 544 3022 635 3073; x_wconf 88' lang='lat' dir='ltr'><strong>volunt</strong></span> <span class='ocrx_word' id='word_1_188' title='bbox 657 3024 820 3076; x_wconf 75' lang='lat' dir='ltr'><strong>scholiastae</strong></span> <span class='ocrx_word' id='word_1_189' title='bbox 843 3030 956 3077; x_wconf 88' lang='lat' dir='ltr'><strong>veteres.</strong></span> <span class='ocrx_word' id='word_1_190' title='bbox 995 3025 1056 3086; x_wconf 85' lang='lat' dir='ltr'><strong>Quo</strong></span> <span class='ocrx_word' id='word_1_191' title='bbox 1077 3029 1158 3088; x_wconf 73' lang='lat' dir='ltr'><strong>igitur</strong></span> <span class='ocrx_word' id='word_1_192' title='bbox 1179 3025 1233 3074; x_wconf 89' lang='lat' dir='ltr'><strong>dli-</strong></span> 
     </span>
     <span class='ocr_line' id='line_1_26' title="bbox 143 3100 1231 3166; baseline 0.001 -15"><span class='ocrx_word' id='word_1_193' title='bbox 143 3102 240 3153; x_wconf 80' lang='lat' dir='ltr'><strong>doilius</strong></span> <span class='ocrx_word' id='word_1_194' title='bbox 261 3102 327 3152; x_wconf 91' lang='lat' dir='ltr'><strong>illud</strong></span> <span class='ocrx_word' id='word_1_195' title='bbox 352 3104 487 3164; x_wconf 89' lang='lat' dir='ltr'><strong>inceptum</strong></span> <span class='ocrx_word' id='word_1_196' title='bbox 519 3115 646 3163; x_wconf 89' lang='lat' dir='ltr'><strong>prospere</strong></span> <span class='ocrx_word' id='word_1_197' title='bbox 678 3106 772 3164; x_wconf 86' lang='lat' dir='ltr'><strong>eedat,</strong></span> <span class='ocrx_word' id='word_1_198' title='bbox 803 3104 926 3166; x_wconf 85' lang='lat' dir='ltr'><strong>Sapphus</strong></span> <span class='ocrx_word' id='word_1_199' title='bbox 950 3110 1059 3154; x_wconf 85' lang='lat' dir='ltr'><strong>secutus</strong></span> <span class='ocrx_word' id='word_1_200' title='bbox 1077 3100 1231 3165; x_wconf 78' lang='lat' dir='ltr'><strong>bremplum</strong></span> 
     </span>
     <span class='ocr_line' id='line_1_27' title="bbox 145 3176 1232 3248; baseline 0 -16"><span class='ocrx_word' id='word_1_201' title='bbox 145 3206 173 3216; x_wconf 94' lang='lat'><em>-</em></span> <span class='ocrx_word' id='word_1_202' title='bbox 191 3185 240 3232; x_wconf 81' lang='lat' dir='ltr'><strong>Fr.</strong></span> <span class='ocrx_word' id='word_1_203' title='bbox 262 3182 307 3230; x_wconf 65' lang='grc'><strong>24.</strong></span> <span class='ocrx_word' id='word_1_204' title='bbox 325 3184 419 3240; x_wconf 87' lang='lat' dir='ltr'><strong>Neue,</strong></span> <span class='ocrx_word' id='word_1_205' title='bbox 443 3182 486 3230; x_wconf 82' lang='lat' dir='ltr'><strong>Fr.</strong></span> <span class='ocrx_word' id='word_1_206' title='bbox 505 3181 550 3231; x_wconf 82' lang='grc'><strong>63.</strong></span> <span class='ocrx_word' id='word_1_207' title='bbox 571 3181 737 3234; x_wconf 83' lang='lat' dir='ltr'><strong>Schneidew.</strong></span> <span class='ocrx_word' id='word_1_208' title='bbox 758 3195 785 3243; x_wconf 92' lang='lat' dir='ltr'><strong>p.</strong></span> <span class='ocrx_word' id='word_1_209' title='bbox 811 3181 883 3231; x_wconf 81' lang='lat'><strong>313:</strong></span> <span class='ocrx_word' id='word_1_210' title='bbox 905 3176 978 3248; x_wconf 64' lang='grc' dir='ltr'><strong>’Ἄγε</strong></span> <span class='ocrx_word' id='word_1_211' title='bbox 995 3179 1048 3247; x_wconf 79' lang='grc' dir='ltr'><strong>δὴ,</strong></span> <span class='ocrx_word' id='word_1_212' title='bbox 1073 3183 1159 3243; x_wconf 72' lang='lat' dir='ltr'><strong>xilv,</strong></span> <span class='ocrx_word' id='word_1_213' title='bbox 1178 3197 1232 3247; x_wconf 76' lang='grc' dir='ltr'><strong>μοι</strong></span> 
     </span>
     <span class='ocr_line' id='line_1_28' title="bbox 118 3259 1231 3328; baseline -0.002 -16"><span class='ocrx_word' id='word_1_214' title='bbox 118 3261 224 3327; x_wconf 75' lang='lat' dir='ltr'><strong>,ltyc,</strong></span> <span class='ocrx_word' id='word_1_215' title='bbox 254 3261 418 3313; x_wconf 76' lang='grc' dir='ltr'><em>Φωνάεσσα</em></span> <span class='ocrx_word' id='word_1_216' title='bbox 431 3259 461 3311; x_wconf 80' lang='grc' dir='ltr'><strong>δὲ</strong></span> <span class='ocrx_word' id='word_1_217' title='bbox 486 3263 596 3328; x_wconf 79' lang='lat' dir='ltr'><strong>ytyero·</strong></span> <span class='ocrx_word' id='word_1_218' title='bbox 616 3286 649 3295; x_wconf 94' lang='lat'><em>-</em></span> <span class='ocrx_word' id='word_1_219' title='bbox 669 3261 791 3311; x_wconf 86' lang='lat' dir='ltr'><strong>barbiton</strong></span> <span class='ocrx_word' id='word_1_220' title='bbox 815 3274 892 3313; x_wconf 88' lang='lat' dir='ltr'><strong>suum</strong></span> <span class='ocrx_word' id='word_1_221' title='bbox 915 3260 1011 3311; x_wconf 90' lang='lat' dir='ltr'><strong>salutat</strong></span> <span class='ocrx_word' id='word_1_222' title='bbox 1033 3263 1144 3324; x_wconf 84' lang='lat' dir='ltr'><strong>eiusque</strong></span> <span class='ocrx_word' id='word_1_223' title='bbox 1166 3267 1231 3311; x_wconf 87' lang='lat' dir='ltr'><strong>tam·</strong></span> 
     </span>
     <span class='ocr_line' id='line_1_29' title="bbox 144 3340 1228 3401; baseline -0.002 -10"><span class='ocrx_word' id='word_1_224' title='bbox 144 3354 222 3401; x_wconf 86' lang='lat' dir='ltr'><strong>quarn</strong></span> <span class='ocrx_word' id='word_1_225' title='bbox 255 3342 352 3392; x_wconf 83' lang='lat' dir='ltr'><strong>Musae</strong></span> <span class='ocrx_word' id='word_1_226' title='bbox 387 3341 514 3391; x_wconf 78' lang='lat' dir='ltr'><strong>auxilium</strong></span> <span class='ocrx_word' id='word_1_227' title='bbox 545 3343 661 3391; x_wconf 84' lang='lat' dir='ltr'><strong>invocat.</strong></span> <span class='ocrx_word' id='word_1_228' title='bbox 711 3341 778 3391; x_wconf 82' lang='lat' dir='ltr'><strong>&#39;l&#39;ota</strong></span> <span class='ocrx_word' id='word_1_229' title='bbox 809 3345 898 3391; x_wconf 90' lang='lat' dir='ltr'><strong>autem</strong></span> <span class='ocrx_word' id='word_1_230' title='bbox 923 3340 1066 3391; x_wconf 91' lang='lat' dir='ltr'><strong>diliicultas</strong></span> <span class='ocrx_word' id='word_1_231' title='bbox 1088 3341 1228 3400; x_wconf 83' lang='lat' dir='ltr'><strong>terminis,</strong></span> 
     </span>
     <span class='ocr_line' id='line_1_30' title="bbox 144 3419 1234 3484; baseline -0.003 -13"><span class='ocrx_word' id='word_1_232' title='bbox 144 3423 198 3472; x_wconf 84' lang='lat' dir='ltr'><strong>ubi.</strong></span> <span class='ocrx_word' id='word_1_233' title='bbox 214 3437 265 3484; x_wconf 89' lang='lat' dir='ltr'><strong>per</strong></span> <span class='ocrx_word' id='word_1_234' title='bbox 292 3435 319 3472; x_wconf 87' lang='lat' dir='ltr'><strong>se</strong></span> <span class='ocrx_word' id='word_1_235' title='bbox 342 3425 497 3481; x_wconf 76' lang='lat' dir='ltr'><strong>spectetur,</strong></span> <span class='ocrx_word' id='word_1_236' title='bbox 524 3421 731 3481; x_wconf 81' lang='lat' dir='ltr'><strong>simplicissimi,</strong></span> <span class='ocrx_word' id='word_1_237' title='bbox 750 3423 778 3470; x_wconf 92' lang='lat' dir='ltr'><strong>in</strong></span> <span class='ocrx_word' id='word_1_238' title='bbox 801 3433 833 3471; x_wconf 92' lang='lat' dir='ltr'><strong>eo</strong></span> <span class='ocrx_word' id='word_1_239' title='bbox 856 3423 981 3480; x_wconf 87' lang='lat' dir='ltr'><strong>vertitur,</strong></span> <span class='ocrx_word' id='word_1_240' title='bbox 1003 3419 1074 3483; x_wconf 83' lang='lat' dir='ltr'><strong>quod</strong></span> <span class='ocrx_word' id='word_1_241' title='bbox 1096 3419 1234 3483; x_wconf 77' lang='lat' dir='ltr'><strong>ambigunt</strong></span> 
     </span>
     <span class='ocr_line' id='line_1_31' title="bbox 144 3499 1232 3564; baseline -0.001 -13"><span class='ocrx_word' id='word_1_242' title='bbox 144 3505 318 3563; x_wconf 74' lang='lat' dir='ltr'><strong>interpretes,</strong></span> <span class='ocrx_word' id='word_1_243' title='bbox 339 3513 454 3563; x_wconf 81' lang='lat' dir='ltr'><strong>quonam</strong></span> <span class='ocrx_word' id='word_1_244' title='bbox 474 3499 552 3550; x_wconf 92' lang='lat' dir='ltr'><strong>modo</strong></span> <span class='ocrx_word' id='word_1_245' title='bbox 575 3502 692 3551; x_wconf 90' lang='lat' dir='ltr'><strong>construi</strong></span> <span class='ocrx_word' id='word_1_246' title='bbox 715 3499 830 3551; x_wconf 87' lang='lat' dir='ltr'><strong>debeant</strong></span> <span class='ocrx_word' id='word_1_247' title='bbox 849 3501 930 3551; x_wconf 85' lang='lat' dir='ltr'><strong>verba</strong></span> <span class='ocrx_word' id='word_1_248' title='bbox 944 3515 969 3552; x_wconf 83' lang='lat' dir='ltr'><strong>r.</strong></span> <span class='ocrx_word' id='word_1_249' title='bbox 992 3501 1018 3550; x_wconf 73' lang='lat'><strong>2.</strong></span> <span class='ocrx_word' id='word_1_250' title='bbox 1039 3501 1128 3564; x_wconf 84' lang='lat' dir='ltr'><strong>puod·</strong></span> <span class='ocrx_word' id='word_1_251' title='bbox 1141 3526 1152 3538; x_wconf 94' lang='lat'><strong>·</strong></span> <span class='ocrx_word' id='word_1_252' title='bbox 1172 3502 1232 3563; x_wconf 83' lang='lat' dir='ltr'><strong>plu·</strong></span> 
     </span>
     <span class='ocr_line' id='line_1_32' title="bbox 144 3579 1232 3643; baseline 0.001 -15"><span class='ocrx_word' id='word_1_253' title='bbox 144 3594 203 3642; x_wconf 78' lang='lat' dir='ltr'><strong>res,</strong></span> <span class='ocrx_word' id='word_1_254' title='bbox 238 3587 327 3630; x_wconf 93' lang='lat' dir='ltr'><strong>utrum</strong></span> <span class='ocrx_word' id='word_1_255' title='bbox 353 3580 386 3629; x_wconf 88' lang='lat' dir='ltr'><strong>ad</strong></span> <span class='ocrx_word' id='word_1_256' title='bbox 409 3579 606 3634; x_wconf 79' lang='lat' dir='ltr'><strong>ss--sesum,</strong></span> <span class='ocrx_word' id='word_1_257' title='bbox 628 3593 661 3629; x_wconf 94' lang='lat' dir='ltr'><strong>an</strong></span> <span class='ocrx_word' id='word_1_258' title='bbox 683 3580 959 3643; x_wconf 60' lang='lat' dir='ltr'><strong>admonentium,</strong></span> <span class='ocrx_word' id='word_1_259' title='bbox 979 3581 1030 3630; x_wconf 82' lang='lat' dir='ltr'><strong>dic.</strong></span> <span class='ocrx_word' id='word_1_260' title='bbox 1080 3581 1156 3630; x_wconf 80' lang='lat' dir='ltr'><strong>lione</strong></span> <span class='ocrx_word' id='word_1_261' title='bbox 1175 3582 1232 3641; x_wconf 82' lang='lat' dir='ltr'><strong>qui·</strong></span> 
     </span>
     <span class='ocr_line' id='line_1_33' title="bbox 145 3657 1233 3719; baseline 0.001 -11"><span class='ocrx_word' id='word_1_262' title='bbox 145 3660 203 3709; x_wconf 93' lang='lat' dir='ltr'><strong>dem</strong></span> <span class='ocrx_word' id='word_1_263' title='bbox 225 3663 402 3719; x_wconf 83' lang='lat' dir='ltr'><strong>posteriorem</strong></span> <span class='ocrx_word' id='word_1_264' title='bbox 423 3661 553 3709; x_wconf 90' lang='lat' dir='ltr'><strong>rationem</strong></span> <span class='ocrx_word' id='word_1_265' title='bbox 574 3657 729 3717; x_wconf 89' lang='lat' dir='ltr'><strong>Bentleius,</strong></span> <span class='ocrx_word' id='word_1_266' title='bbox 761 3658 894 3708; x_wconf 82' lang='lat' dir='ltr'><strong>Poscimus</strong></span> <span class='ocrx_word' id='word_1_267' title='bbox 912 3658 1082 3719; x_wconf 77' lang='lat' dir='ltr'><strong>praeterens,</strong></span> <span class='ocrx_word' id='word_1_268' title='bbox 1111 3673 1233 3711; x_wconf 78' lang='lat' dir='ltr'><strong>necessa·</strong></span> 
     </span>
     <span class='ocr_line' id='line_1_34' title="bbox 144 3737 1232 3803; baseline 0.005 -19"><span class='ocrx_word' id='word_1_269' title='bbox 144 3739 181 3787; x_wconf 89' lang='lat' dir='ltr'><strong>rio</strong></span> <span class='ocrx_word' id='word_1_270' title='bbox 202 3740 280 3800; x_wconf 83' lang='lat' dir='ltr'><strong>sequi</strong></span> <span class='ocrx_word' id='word_1_271' title='bbox 310 3737 405 3789; x_wconf 87' lang='lat' dir='ltr'><strong>debuit</strong></span> <span class='ocrx_word' id='word_1_272' title='bbox 438 3754 527 3803; x_wconf 85' lang='lat' dir='ltr'><strong>neque</strong></span> <span class='ocrx_word' id='word_1_273' title='bbox 549 3737 620 3789; x_wconf 91' lang='lat' dir='ltr'><strong>aliud</strong></span> <span class='ocrx_word' id='word_1_274' title='bbox 645 3750 708 3787; x_wconf 89' lang='lat' dir='ltr'><strong>sane</strong></span> <span class='ocrx_word' id='word_1_275' title='bbox 734 3737 882 3801; x_wconf 81' lang='lat' dir='ltr'><strong>intelligere</strong></span> <span class='ocrx_word' id='word_1_276' title='bbox 912 3742 1001 3798; x_wconf 91' lang='lat' dir='ltr'><strong>potuit</strong></span> <span class='ocrx_word' id='word_1_277' title='bbox 1025 3751 1130 3790; x_wconf 89' lang='lat' dir='ltr'><strong>carmen</strong></span> <span class='ocrx_word' id='word_1_278' title='bbox 1151 3752 1232 3803; x_wconf 82' lang='lat' dir='ltr'><strong>quem</strong></span> 
     </span>
     <span class='ocr_line' id='line_1_35' title="bbox 145 3815 1233 3880; baseline 0.003 -17"><span class='ocrx_word' id='word_1_279' title='bbox 145 3815 193 3866; x_wconf 89' lang='lat' dir='ltr'><strong>boc</strong></span> <span class='ocrx_word' id='word_1_280' title='bbox 216 3819 305 3878; x_wconf 87' lang='lat' dir='ltr'><strong>ipsum</strong></span> <span class='ocrx_word' id='word_1_281' title='bbox 327 3818 358 3867; x_wconf 85' lang='lat' dir='ltr'><strong>C.</strong></span> <span class='ocrx_word' id='word_1_282' title='bbox 381 3817 509 3876; x_wconf 92' lang='lat' dir='ltr'><strong>XXXll.,</strong></span> <span class='ocrx_word' id='word_1_283' title='bbox 528 3817 601 3869; x_wconf 92' lang='lat' dir='ltr'><strong>baud</strong></span> <span class='ocrx_word' id='word_1_284' title='bbox 631 3818 694 3867; x_wconf 87' lang='lat' dir='ltr'><strong>satis</strong></span> <span class='ocrx_word' id='word_1_285' title='bbox 716 3817 885 3878; x_wconf 82' lang='lat' dir='ltr'><strong>expendens,</strong></span> <span class='ocrx_word' id='word_1_286' title='bbox 916 3828 997 3879; x_wconf 81' lang='lat' dir='ltr'><strong>quam</strong></span> <span class='ocrx_word' id='word_1_287' title='bbox 1016 3823 1169 3880; x_wconf 73' lang='lat' dir='ltr'><strong>arroganter</strong></span> <span class='ocrx_word' id='word_1_288' title='bbox 1191 3817 1233 3869; x_wconf 86' lang='lat' dir='ltr'><strong>rel</strong></span> 
     </span>
     <span class='ocr_line' id='line_1_36' title="bbox 145 3895 1232 3958; baseline 0.003 -15"><span class='ocrx_word' id='word_1_289' title='bbox 145 3898 232 3955; x_wconf 91' lang='lat' dir='ltr'><strong>potius</strong></span> <span class='ocrx_word' id='word_1_290' title='bbox 260 3895 378 3949; x_wconf 86' lang='lat' dir='ltr'><strong>absurde</strong></span> <span class='ocrx_word' id='word_1_291' title='bbox 409 3898 605 3948; x_wconf 84' lang='lat' dir='ltr'><strong>immortalitate</strong></span> <span class='ocrx_word' id='word_1_292' title='bbox 633 3898 763 3956; x_wconf 91' lang='lat' dir='ltr'><strong>imprimis</strong></span> <span class='ocrx_word' id='word_1_293' title='bbox 790 3896 897 3958; x_wconf 76' lang='lat' dir='ltr'><strong>dignum</strong></span> <span class='ocrx_word' id='word_1_294' title='bbox 919 3896 970 3946; x_wconf 86' lang='lat' dir='ltr'><strong>boc</strong></span> <span class='ocrx_word' id='word_1_295' title='bbox 993 3898 1080 3956; x_wconf 92' lang='lat' dir='ltr'><strong>ipsum</strong></span> <span class='ocrx_word' id='word_1_296' title='bbox 1112 3896 1232 3947; x_wconf 87' lang='lat' dir='ltr'><strong>odarium</strong></span> 
     </span>
     <span class='ocr_line' id='line_1_37' title="bbox 146 3975 1233 4035; baseline -0.001 -11"><span class='ocrx_word' id='word_1_297' title='bbox 146 3979 222 4033; x_wconf 82' lang='lat' dir='ltr'><strong>poeta</strong></span> <span class='ocrx_word' id='word_1_298' title='bbox 245 3977 401 4027; x_wconf 78' lang='lat' dir='ltr'><strong>iudicasset.</strong></span> <span class='ocrx_word' id='word_1_299' title='bbox 449 3975 569 4026; x_wconf 84' lang='lat' dir='ltr'><strong>Eandem</strong></span> <span class='ocrx_word' id='word_1_300' title='bbox 597 3978 842 4035; x_wconf 90' lang='lat' dir='ltr'><strong>constmctiouem,</strong></span> <span class='ocrx_word' id='word_1_301' title='bbox 879 3975 999 4025; x_wconf 84' lang='lat' dir='ltr'><strong>Bentleio</strong></span> <span class='ocrx_word' id='word_1_302' title='bbox 1022 3988 1086 4026; x_wconf 90' lang='lat' dir='ltr'><strong>sane</strong></span> <span class='ocrx_word' id='word_1_303' title='bbox 1113 3988 1167 4024; x_wconf 93' lang='lat' dir='ltr'><strong>non</strong></span> <span class='ocrx_word' id='word_1_304' title='bbox 1191 3976 1233 4024; x_wconf 95' lang='lat' dir='ltr'><strong>iu-</strong></span> 
     </span>
     <span class='ocr_line' id='line_1_38' title="bbox 146 4053 1233 4117; baseline -0.001 -14"><span class='ocrx_word' id='word_1_305' title='bbox 146 4062 252 4117; x_wconf 87' lang='lat' dir='ltr'><strong>specto,</strong></span> <span class='ocrx_word' id='word_1_306' title='bbox 281 4057 373 4106; x_wconf 89' lang='lat' dir='ltr'><strong>multis</strong></span> <span class='ocrx_word' id='word_1_307' title='bbox 410 4054 497 4106; x_wconf 90' lang='lat' dir='ltr'><strong>verbis</strong></span> <span class='ocrx_word' id='word_1_308' title='bbox 526 4056 711 4106; x_wconf 85' lang='lat' dir='ltr'><strong>commendare</strong></span> <span class='ocrx_word' id='word_1_309' title='bbox 746 4054 849 4106; x_wconf 89' lang='lat' dir='ltr'><strong>studuit</strong></span> <span class='ocrx_word' id='word_1_310' title='bbox 880 4054 1035 4116; x_wconf 70' lang='lat' dir='ltr'><strong>Gemellus,</strong></span> <span class='ocrx_word' id='word_1_311' title='bbox 1068 4053 1156 4117; x_wconf 73' lang='lat' dir='ltr'><strong>legens</strong></span> <span class='ocrx_word' id='word_1_312' title='bbox 1184 4054 1233 4102; x_wconf 83' lang='lat' dir='ltr'><strong>Pe·</strong></span> 
     </span>
     <span class='ocr_line' id='line_1_39' title="bbox 146 4131 1230 4197; baseline -0.003 -15"><span class='ocrx_word' id='word_1_313' title='bbox 146 4137 240 4185; x_wconf 64' lang='lat' dir='ltr'><strong>somer</strong></span> <span class='ocrx_word' id='word_1_314' title='bbox 258 4142 286 4188; x_wconf 88' lang='lat' dir='ltr'><strong>et</strong></span> <span class='ocrx_word' id='word_1_315' title='bbox 307 4137 375 4186; x_wconf 85' lang='lat' dir='ltr'><strong>alius</strong></span> <span class='ocrx_word' id='word_1_316' title='bbox 399 4136 522 4184; x_wconf 90' lang='lat' dir='ltr'><strong>carminis</strong></span> <span class='ocrx_word' id='word_1_317' title='bbox 545 4138 710 4196; x_wconf 88' lang='lat' dir='ltr'><strong>prooemium</strong></span> <span class='ocrx_word' id='word_1_318' title='bbox 729 4140 800 4185; x_wconf 86' lang='lat' dir='ltr'><strong>recte</strong></span> <span class='ocrx_word' id='word_1_319' title='bbox 822 4146 985 4197; x_wconf 74' lang='lat' dir='ltr'><strong>agnoscens3</strong></span> <span class='ocrx_word' id='word_1_320' title='bbox 1014 4133 1070 4182; x_wconf 86' lang='grc' dir='ltr'><strong>ΗΡ.</strong></span> <span class='ocrx_word' id='word_1_321' title='bbox 1095 4131 1230 4193; x_wconf 75' lang='lat' dir='ltr'><strong>denique,</strong></span> 
     </span>
    </p>
   </div>
   <div class='ocr_carea' id='block_1_9' title="bbox 0 0 1454 4820">
    <p class='ocr_par' dir='ltr' id='par_1_9' title="bbox 0 0 1454 4820">
     <span class='ocr_line' id='line_1_40' title="bbox 0 0 1454 4820; baseline 0 0"><span class='ocrx_word' id='word_1_322' title='bbox 0 0 1454 4820; x_wconf 95' lang='lat' dir='ltr'><strong> </strong></span> 
     </span>
    </p>
   </div>
  </div>
 </body>
</html>
