2930 4810
225 336 305 411 tbi)
600 337 748 391 noasrn
768 332 955 387 saansaan

222 500 294 551 iliius
316 499 442 549 Etruscae
470 503 558 559 partes
590 497 669 560 digna
686 500 848 556 sustineret,
879 496 957 549 tertis
988 493 1150 557 quibusdam
1173 495 1305 547 attributis

222 579 340 631 ornanda
359 583 426 637 erat,
443 583 474 627 ut
491 577 570 641 digna
589 579 728 628 exsisteret
746 582 803 627 eius
822 572 1059 646 upoamuorroslu.
1090 576 1240 637 Propterea
1259 576 1305 625 ires

222 661 353 722 imagines
370 657 560 716 adumbravit,
588 661 695 708 secutus
713 657 755 708 rei
773 657 912 718 proprium
928 655 1098 718 φαντασίας
1116 658 1247 717 impetum
1266 656 1307 707 rei

223 743 344 793 veterum
374 739 506 788 aruncum
525 747 628 797 opera,
660 735 687 785 id
706 736 779 799 quod
799 741 902 785 certum
926 735 1019 784 saitem
1040 740 1082 786 est
1098 738 1125 785 in
1154 737 1236 786 clatris
1255 735 1306 786 iilis

222 817 381 876 trabalibus,
400 817 427 866 in
442 816 540 879 qulbus
556 820 643 866 tamen
658 815 800 866 subsistere
818 827 880 864 sane
892 826 947 863 non
966 819 1078 875 poterat.
1109 816 1195 879 Magis
1212 817 1306 879 utique

136 922 144 928 ’
224 897 338 960 salgues
357 896 485 958 praebere
499 898 524 947 ei
543 896 673 957 potuisset
686 893 783 944 Accius
800 894 871 954 apud
891 893 948 944 Cic.
963 893 998 946 ds
1010 893 1084 945 Orat.
1104 893 1131 955 3,
1144 894 1199 944 it:
1219 895 1307 945 eurul-

221 983 320 1027 tautem
338 981 363 1026 te
381 983 406 1026 st
420 977 611 1040 praefidentem
629 975 678 1025 tibi
692 975 843 1036 lieprtmeut
857 973 965 1022 caudae
983 973 1070 1038 ispum
1081 986 1211 1025 assurin
1224 979 1306 1037 cique

219 1055 317 1119 impert
334 1057 456 1106 insistent
473 1069 546 1111 meoq
578 1054 649 1116 Quas
662 1054 771 1117 quidem
790 1055 917 1116 imagines
937 1056 987 1104 atsi
1008 1054 1168 1104 cumulatius
1182 1053 1305 1114 tortasse,

221 1148 301 1196 quam
322 1135 471 1198 oportebat,
491 1138 641 1199 congessit,
660 1135 687 1185 id
707 1139 796 1184 tamen
814 1138 950 1184 assecutas
969 1138 1026 1194 est,
1056 1138 1087 1184 ut
1105 1148 1172 1197 quas
1191 1134 1308 1198 elegerat

220 1216 261 1268 bis
281 1221 408 1277 quattuor
438 1216 576 1268 versieulis
603 1214 825 1275 complecteretur
854 1218 937 1273 atque
964 1216 1028 1264 satis
1047 1214 1197 1277 elegantem
1228 1215 1307 1265 nobis

220 1300 384 1359 proponeret
400 1297 532 1357 picturam
549 1299 690 1358 poeticam.
710 1293 767 1342 lam
785 1293 953 1343 notissimum
972 1297 1022 1354 esi,
1042 1293 1075 1343 ab
1094 1294 1137 1343 bis
1154 1307 1234 1356 quem
1251 1306 1306 1342 ma·

220 1378 291 1427 unte
318 1375 435 1427 diversas
464 1389 539 1432 essa,
571 1377 652 1426 immo
671 1387 730 1427 esse
749 1371 848 1423 debere
866 1373 998 1423 artificum
1017 1385 1120 1436 operar
1155 1376 1193 1423 sic
1210 1386 1307 1423 munus

219 1459 289 1505 clun
306 1468 360 1505 non
380 1457 460 1517 magis
480 1457 591 1516 exprimi
619 1458 725 1515 poterat
742 1466 757 1503 a
776 1454 878 1514 pictore
904 1452 979 1504 vein
1005 1453 1138 1514 sculpture
1168 1467 1249 1516 quam
1269 1450 1306 1504 τὸ

218 1531 430 1605 repensor-ule
448 1532 541 1598 Δίκας
556 1529 644 1600 ὄμμα
668 1533 807 1596 Sophoclis
826 1532 896 1593 apud
916 1531 1044 1583 Weisker
1062 1533 1164 1583 Grt'ecb.
1186 1533 1303 1597 proptu.

219 1624 247 1673 p.
262 1611 325 1661 166.
359 1611 549 1665 secessuum
568 1618 649 1665 totius
670 1616 788 1676 ploturne
809 1613 1013 1673 reprehensores
1029 1616 1187 1664 exstiterunt
1208 1615 1306 1662 summi

219 1690 377 1743 Germaniae
405 1693 473 1754 viri,
503 1693 614 1757 Lessing
631 1696 659 1744 in
676 1694 829 1745 Laocoonte
861 1687 945 1755 (Opp.
966 1692 1009 1742 ed.
1030 1693 1140 1743 Laebm.
1165 1692 1213 1743 vi.
1244 1704 1304 1754 pag.

219 1766 463 1833 subiecturum
487 1769 540 1833 (fur
561 1775 654 1823 setene
676 1773 738 1821 Litt.
762 1787 791 1822 u.
814 1772 901 1825 Iluusi
923 1772 970 1822 lv.
994 1782 1021 1832 p.
1045 1771 1098 1822 idn
1113 1798 1144 1809 —
1164 1770 1257 1836 157.)‚
1289 1784 1305 1822 a

219 1849 321 1903 Metide
341 1849 385 1900 illa
407 1850 557 1911 Spencinnn
575 1856 672 1914 partim
690 1854 814 1912 excitati,
842 1854 938 1914 partim
956 1851 1124 1914 aliquatenus
1144 1851 1270 1912 decepti;
1289 1864 1304 1901 s

219 1929 316 1995 quibus
337 1929 461 1981 heroibus
479 1934 627 1983 conturbati
652 1945 683 1982 nc
713 1938 890 1998 transversum
915 1934 967 1982 acti
997 1935 1158 1982 recentiores
1184 1931 1305 1981 nonnulii

220 2007 390 2061 Grammaiiei
409 2009 480 2060 hunc
500 2013 586 2065 iocum
606 2015 810 2073 interpretantes
833 2011 1061 2063 inextricabilibus
1079 2016 1165 2064 semet
1184 2013 1236 2072 ipsi
1255 2010 1304 2061 dil-

217 2089 381 2141 iieultatibus
398 2093 586 2151 irretivcruntz
617 2094 745 2154 imprimis
764 2094 792 2142 in
810 2092 971 2153 explicandis
989 2104 1032 2145 rr.
1052 2091 1185 2142 21-11.

670 2280 854 2294 *abun—o·-

531 2424 897 2490 exabusus
935 2430 998 2490 ΙΙΙ.

628 2533 678 2590 AD
699 2551 746 2593 vv.
767 2532 891 2592 ui—bi.

163 2705 169 2718 '
288 2647 423 2711 Equidem
441 2650 470 2699 iu
488 2662 520 2700 eo
539 2649 684 2711 elaboravi,
701 2658 732 2702 ut
746 2664 826 2714 qnam
840 2651 1037 2713 simplicissima
1055 2664 1115 2703 mea
1134 2659 1204 2704 esset
1221 2654 1302 2706 buius

218 2729 270 2780 ioci
288 2730 435 2789 expositior
468 2732 683 2795 necquidquam
710 2744 782 2783 nunc
809 2731 974 2782 diliicnitntis
1005 2734 1032 2781 in
1055 2745 1088 2782 eo
1118 2733 1217 2786 videor
1249 2734 1300 2784 nin

219 2812 311 2858 contra
329 2811 356 2858 iu
370 2808 466 2860 eodem
480 2811 663 2863 incredibilem
676 2815 704 2862 in
718 2813 826 2863 modum
839 2817 998 2863 aestuarunt
1008 2824 1127 2875 eumque
1141 2816 1302 2865 coniecturis

217 2889 313 2938 misere
327 2894 501 2949 vexaverunt,
519 2896 549 2940 ut
563 2891 683 2942 Cieririus
693 2892 726 2943 ad
738 2893 840 2943 Lucan.
852 2906 911 2956 pag.
923 2891 976 2942 532
994 2906 1041 2942 uec
1058 2895 1162 2944 socium
1174 2896 1299 2959 abnegat,

220 2967 353 3029 Utcunque
369 2973 476 3017 sumata
490 2975 611 3032 potentes
628 2972 716 3023 Merita
736 2978 809 3032 cet.‚
835 2984 884 3021 use
900 2974 1022 3023 comitem
1038 2972 1175 3038 abnegant
1192 2975 1301 3026 Praedi-

215 3047 285 3107 lmw,
303 3060 350 3096 uec
364 3049 486 3098 occultans
502 3050 621 3113 ubusgut
637 3051 819 3103 Doederleinii
838 3051 996 3113 discipulus.
1009 3052 1105 3104 -Sed
1119 3058 1180 3105 ante
1194 3066 1298 3115 omnes,

215 3127 262 3189 qui
276 3126 309 3177 de
322 3126 351 3174 b.
364 3126 383 3176 i.
397 3127 508 3191 legetur,
529 3130 625 3192 dignus
636 3136 676 3181 est
688 3132 837 3192 bantium,
856 3135 903 3195 qui
922 3134 1131 3196 ingeniosissime
1145 3135 1172 3183 id
1187 3137 1250 3197 egit,
1271 3138 1302 3183 ut

216 3206 304 3256 locum
331 3219 385 3257 non
404 3208 471 3259 adeo
490 3212 643 3261 intricatum
664 3214 745 3262 nimia
776 3212 922 3263 subtilitate
952 3211 1117 3263 obscuraret
1154 3213 1300 3263 «Difficilis

215 3286 353 3349 quidem»,
379 3290 485 3351 inquit,
506 3291 566 3340 ubic
587 3290 661 3340 locus
676 3298 717 3341 est
732 3292 885 3355 multosque
909 3305 963 3342 non
988 3303 1083 3352 param
1101 3294 1207 3369 torsit*
1226 3292 1299 3354 spu,

215 3367 315 3427 inquit,
335 3370 360 3416 st
378 3366 447 3416 boue
463 3367 541 3418 Fides
557 3370 696 3432 fortunam
714 3371 779 3419 colit
796 3379 822 3421 et
838 3374 1002 3422 comitatur:
1021 3376 1052 3421 ut
1068 3373 1162 3437 colpus
1180 3378 1206 3421 et
1221 3381 1300 3421 sucre-

157 3452 161 3460 '
215 3447 294 3496 trices
319 3448 344 3496 st
369 3447 457 3510 fucate·
482 3450 564 3499 amiel
585 3463 646 3500 eum
669 3450 863 3512 derelinquunt.
901 3451 998 3503 Contra
1025 3457 1116 3502 autem
1135 3453 1226 3502 dicunt
1245 3448 1299 3511 aiii,

215 3524 336 3575 infideles
355 3526 455 3575 amicos
473 3527 606 3579 Fortunae
633 3531 741 3579 comites
761 3543 838 3590 asse;
865 3538 1062 3583 resumentem
1083 3532 1175 3582 Fidem
1191 3533 1300 3581 minime

215 3603 360 3653 Fortunam
380 3608 468 3666 sequi.
489 3607 613 3668 Ovidius,
637 3607 715 3657 Pont.
736 3608 786 3669 11„
805 3610 832 3670 3,
844 3611 872 3661 7.
893 3612 925 3662 de
944 3614 1062 3662 amicitia
1081 3616 1107 3662 et
1124 3612 1177 3665 fide
1196 3611 1298 3662 luceia:

359 3684 445 3746 Turpe
463 3688 568 3749 quidem
585 3686 673 3749 dictu,
692 3688 737 3737 sed
756 3685 790 3748 (u‘
807 3692 885 3739 modo
902 3703 968 3740 veru
985 3687 1112 3754 fatemur)

395 3762 491 3828 Volgus
509 3767 645 3816 amiculus
663 3768 782 3818 utilitate
794 3770 906 3830 000001.

358 3840 432 3891 Cura
443 3846 510 3907 quid
522 3847 647 3907 expediat
656 3844 734 3907 prius
747 3853 785 3897 ast
797 3861 876 3910 quum
889 3849 953 3910 quid
964 3849 1000 3898 tlt
1011 3849 1163 3900 honestum:

389 3923 426 3971 Et
444 3938 502 3973 curu
520 3925 767 3988 Fomomsuuos
786 3926 909 3992 caditque
926 3929 1022 3982 Frons.

218 4003 247 4048 nt
263 4010 324 4051 usus
341 3998 441 4053 ibidem
460 4006 497 4067 (r.
509 4001 569 4069 bd.)
586 4005 620 4057 de
638 4006 691 4063 fido
710 4007 816 4056 amicos

356 4078 461 4135 Scibcst
478 4085 636 4148 1001100000,
657 4085 761 4135 tomeun
779 4086 929 4142 rarissime,
950 4088 1026 4137 ducis

394 4159 427 4210 Tr
444 4163 507 4226 fissi
522 4176 647 4215 sorsum
664 4165 761 4215 uanus
777 4165 809 4213 s'ss
826 4165 887 4217 orbs
905 4176 988 4216 usas.
